1673 2505
258 72 284 112 3
292 75 310 111 1
318 72 343 113 8
774 71 1073 107 FRAGMENTA

259 178 460 220 scientiae
487 180 688 233 continet,
719 182 865 220 tamen
890 180 1056 232 collatav
1076 194 1171 221 cum
1198 195 1343 222 eorum
1370 182 1476 222 actis
1501 196 1592 236 per-

257 237 465 292 fectisque
500 239 627 279 rebus
660 252 808 279 vereor
842 252 894 278 ne
925 253 1012 278 non
1042 240 1213 279 tantum
1245 239 1441 281 videatur
1472 241 1591 281 adtu-

258 296 359 337 lisse
390 297 555 351 negotii
586 296 850 349 hominibus,
883 298 1088 350 quantam
1121 297 1464 339 oblectationem.

345 356 413 397 43.
452 355 560 396 Non.
586 369 627 407 p.
658 358 755 396 337.
787 358 844 396 26
884 355 942 396 Μ
983 355 1145 397 Tullius
1178 380 1227 385 --
1268 357 1314 397 in
1350 357 1593 399 Hortensio.-

259 413 374 462 Quae
401 416 465 454 est
490 414 624 469 igitur
648 413 936 468 philosophia,
962 411 1166 455 Socrate?
1191 429 1267 456 nec
1293 415 1453 469 dubito,
1480 416 1593 470 quin,
1629 428 1647 454 5

259 486 548 526 quaecumque
588 472 661 526 sit,
701 471 731 525 †
761 472 928 513 lautum
966 472 1126 514 victum
1159 475 1202 513 et
1234 473 1475 528 elegantem
1508 489 1593 515 ma-

260 531 411 585 gnifice
431 545 568 584 neque
590 531 745 584 minus,
771 545 900 585 quam
926 531 1102 585 deceret,
1129 531 1265 572 colere
1291 532 1594 574 instituissent.

346 590 414 630 44.
437 590 544 630 Non.
564 603 607 642 p.
627 591 723 631 527.
742 592 798 631 30
816 590 878 631 Μ
902 590 1060 631 Tullius
1080 614 1136 618 —
1164 591 1207 630 in
1226 590 1467 633 Hortensio:
1493 591 1593 632 Vidi

257 648 302 688 in
328 648 471 689 dolore
497 649 713 703 podagrae
739 648 875 689 nihilo
901 648 1026 689 illum
1052 649 1119 689 vel
1146 649 1335 690 omnium
1361 649 1593 691 maximum

259 705 517 761 Stoicorum,
553 706 848 760 Posidonium,
891 721 1018 761 quam
1055 705 1366 749 Nicomachum
1405 707 1593 763 Tyrium,
1614 721 1648 746 10

257 765 474 820 hospitem
506 780 664 819 meum,
695 765 931 807 fortiorem.

344 824 411 865 45.
439 824 545 865 Non.
563 839 607 877 p.
626 826 720 866 385.
739 828 792 866 31
816 825 878 866 M.
901 824 1063 866 Tullius
1088 848 1142 853 —
1169 826 1215 866 in
1239 825 1483 867 Hortensio:
1510 826 1593 867 elo-

258 883 432 937 quentia
463 883 586 937 tueri,
618 898 746 937 quam
778 885 826 924 tu
851 883 896 923 in
921 883 1097 937 caelum,
1129 882 1346 938 Hortensi,
1378 884 1515 938 credo,
1546 888 1594 926 ut

256 943 347 997 ipse
382 957 478 983 cum
509 956 559 982 ea
591 942 719 982 simul
752 941 1019 995 ascenderes,
1052 942 1312 983 sustulisses.

343 1001 411 1042 46.
450 1001 556 1042 Non.
589 1015 631 1053 p.
667 1003 764 1042 204.
796 1004 823 1041 4
860 1001 923 1041 M.
964 1001 1125 1042 Tullius
1162 1002 1207 1042 m
1244 1001 1486 1043 Hortensio:
1529 1001 1593 1042 Tu
1614 1014 1646 1039 15

256 1074 322 1100 me
361 1062 403 1100 et
442 1059 548 1100 alias
585 1074 672 1101 non
706 1073 940 1113 numquam
973 1062 1015 1100 et
1045 1059 1174 1113 paulo
1207 1063 1306 1100 ante
1339 1060 1592 1101 adhortatus

256 1133 318 1172 es,
351 1118 534 1159 aliorum
564 1122 612 1159 ut
641 1119 756 1159 facta
788 1121 831 1159 et
862 1120 1015 1159 eventa
1047 1119 1351 1172 conquirerem.

342 1177 411 1218 47.
448 1177 648 1219 Arusian.
685 1177 808 1218 Mese.
838 1191 882 1229 p.
913 1180 1000 1218 217
1036 1177 1219 1219 Lindem.
1281 1177 1359 1219 Cic.
1398 1179 1443 1218 in
1480 1178 1593 1218 Hor-

255 1237 402 1277 tensio:
436 1236 507 1290 qui
540 1251 634 1277 cum
666 1235 985 1292 hodietbellum
1018 1250 1113 1276 cum
1146 1238 1314 1277 mortuo
1348 1239 1511 1291 gerant.
1660 1231 1661 1250 ³

341 1295 410 1335 48.
438 1293 545 1335 Non.
564 1309 607 1347 p.
633 1298 728 1336 396.
751 1298 808 1336 23
832 1295 896 1335 Μ
923 1294 1085 1335 ,Tullius
1109 1295 1155 1335 in
1179 1295 1421 1336 Hortensio:
1453 1293 1592 1342 Quare
1613 1306 1644 1331 20

254 1353 383 1394 velim
416 1353 507 1394 dari
539 1353 661 1406 mihi,
692 1353 889 1406 Luculle,
924 1353 1070 1393 iubeas
1103 1353 1285 1394 indicem
1316 1353 1593 1408 tragicorum,

254 1414 302 1452 ut
335 1426 519 1465 sumam,
553 1412 625 1466 qui
655 1411 768 1453 forte
800 1411 907 1452 mihi
939 1411 1102 1452 desunt.

341 1471 410 1512 49.
443 1471 550 1511 Non.
574 1485 620 1523 p.
644 1474 739 1512 307.
766 1472 791 1511 5
816 1471 879 1511 Μ
908 1471 1069 1512 Tullius
1100 1471 1145 1510 in
1170 1470 1413 1512 Hortensio:
1446 1470 1478 1511 F
1482 1485 1593 1512 aces-

255 1532 353 1570 sant
383 1529 517 1583 igitur
548 1543 707 1583 omnes,
739 1529 812 1583 qui
845 1529 994 1570 docere
1025 1528 1134 1569 nihil
1166 1532 1358 1583 possunt,
1394 1543 1477 1583 quo
1510 1544 1592 1570 me·
1651 1563 1655 1580 ,

254 1588 338 1629 lius
372 1587 691 1643 sapientiusque
723 1588 929 1629 vivamus.
1611 1600 1641 1625 25

343 1646 411 1688 50.
442 1647 661 1700 Auyustin.
694 1648 741 1688 de
772 1648 899 1688 trinit.
932 1647 1054 1687 XIV
1072 1651 1109 1688 9.
1140 1650 1196 1688 12
1223 1647 1267 1687 Τ.
1302 1646 1368 1687 VI
1386 1660 1430 1700 1).
1457 1650 1543 1688 677
1562 1646 1598 1689 C'
1656 1661 1657 1665 ¹

253 1705 357 1747 Bon.
395 1705 518 1747 Antv.
578 1705 644 1747 De
680 1706 865 1747 omnibus
900 1709 1091 1758 quattuor
1128 1706 1381 1759 (virtutibus)
1420 1719 1594 1758 marmus
1656 1723 1657 1726 ¹

254 1768 394 1806 auctor
435 1765 678 1817 eloquentiae
718 1765 879 1806 Tullius
921 1765 965 1805 in
1006 1764 1223 1806 Hortensio
1263 1765 1421 1817 dialoyo
1459 1765 1593 1817 dispu-

255 1827 367 1864 tans:
410 1821 455 1864 Si
485 1823 622 1877 nobis,
653 1824 799 1877 inquit,
831 1838 926 1864 cum
959 1838 1008 1864 ex
1039 1823 1120 1864 hac
1151 1823 1242 1864 vita
1272 1823 1592 1878 migrassemUS,
1648 1849 1651 1879 1

253 1882 297 1922 in
329 1882 555 1924 beatorum
586 1883 739 1923 insulis
771 1882 1016 1923 immortale
1049 1897 1216 1936 aevum,
1253 1884 1301 1923 ut
1331 1882 1503 1923 fabulae
1534 1881 1592 1922 fe-
1611 1882 1651 1957 πὶ

254 1943 371 1994 runt,
404 1941 556 1996 degere
589 1941 754 1995 liceret,
789 1941 889 1995 quid
921 1956 1026 1995 opus
1060 1944 1172 1982 esset
1204 1941 1461 1995 eloquentia,
1496 1955 1591 1982 cum

253 1999 409 2040 iudicia
439 2000 558 2041 nulla
588 2001 758 2053 fierent,
797 2002 870 2041 aut
902 1999 1007 2054 ipsis
1047 2000 1176 2040 etiam
1215 1999 1478 2040 virtutibus?
1515 2014 1592 2041 nec

254 2058 366 2099 enim
397 2058 650 2100 fortitudine
684 2073 905 2114 egeremus
930 2059 1050 2099 nullo
1082 2058 1305 2113 proposito
1338 2061 1412 2099 aut
1444 2058 1592 2099 labore
1646 2111 1647 2116 1

254 2119 327 2157 aut
358 2117 547 2171 periculo
585 2132 662 2159 nec
698 2118 883 2171 iustitia,
924 2132 1019 2158 cum
1059 2120 1171 2158 esset
1208 2117 1333 2170 nihil,
1373 2116 1485 2171 quod
1524 2116 1592 2158 ad·
1646 2124 1653 2173 ξ·

252 2178 487 2229 peteretur,
526 2176 672 2230 alieni,
710 2191 786 2218 nec
824 2176 1128 2231 temperantia,
1168 2190 1275 2230 quae
1307 2178 1476 2231 regeret
1508 2186 1653 2229 eaS,3-²,=

253 2248 360 2288 quae
400 2234 544 2276 nullae
590 2238 749 2288 essent,
793 2235 1010 2289 libidines3
1053 2249 1105 2275 ne
1149 2234 1377 2289 prudentia
1422 2234 1592 2288 quidem
1644 2248 1653 2287 μ

252 2307 474 2348 egeremus
508 2294 628 2335 nullo
669 2294 834 2335 delectu
871 2293 1094 2349 proposito
1133 2293 1344 2335 bonorum
1382 2295 1425 2334 et
1463 2293 1592 2334 malo·
1644 2290 1651 2338 i

1635 2345 1661 2505 l
