1663 2490
354 61 442 98 ΜΒ.
469 62 531 97 111.
583 61 684 98 CAP.
710 66 860 98 20--22.
910 67 929 104 g
955 66 1104 98 81—86.
1322 61 1404 103 117

68 171 288 213 mortales!
322 170 520 224 cuiquam
553 183 645 211 esse
676 170 782 212 utile
814 169 1108 212 foedissimum
1140 172 1183 211 et
1213 170 1406 211 taeterri-

68 245 183 271 mum
215 229 491 284 parricidium
523 228 707 283 patriae,
745 229 939 283 quamvis
978 228 1032 283 is,
1071 228 1143 283 qui
1176 242 1220 269 sc
1253 243 1301 269 eo
1334 228 1407 269 ob-

69 287 309 340 strinxerit,
360 287 413 328 ab
465 287 681 342 oppressis
726 287 889 330 civibus
933 301 1088 343 parens
1131 287 1407 328 nominetur?

67 347 307 388 Honestate
339 345 472 401 igitur
504 346 735 401 derigenda
766 346 934 387 utilitas
961 348 1036 400 est,
1069 348 1112 387 et
1138 345 1309 400 quidem
1335 345 1407 398 sic,

32 419 47 443 5
68 408 115 447 ut
145 405 251 446 haee
283 405 364 446 duo
398 405 529 446 verbo
561 404 673 445 inter
712 419 755 446 se
795 405 1051 460 discrepare,
1090 418 1134 445 re
1172 418 1305 446 unum
1344 418 1408 445 so-

66 478 169 505 nare
194 464 431 504 videantur.
480 462 580 505 Non
604 463 757 517 habeo,
789 464 842 505 ad
870 463 989 519 volgi
1022 463 1267 518 opinionem
1300 477 1407 517 quae
1434 473 1477 505 82

67 522 205 564 maior
229 522 396 564 utilitas
424 537 553 588 quam
579 522 787 577 reonandi
812 537 903 564 esse
928 522 1087 577 possit3
1117 522 1225 563 nihil
1258 524 1410 563 contra

66 581 261 623 inutilius
288 581 339 634 ei,
371 581 443 635 qui
468 581 511 621 id
537 581 694 622 iniuste
721 584 972 623 consecutus
1000 581 1068 635 sit,
1098 580 1282 635 invenio,
1313 595 1409 622 cum

68 640 121 682 ad
152 640 380 681 veritatem
413 640 532 694 coepi
565 654 763 681 revocare
798 641 1022 682 rationem.
1070 639 1259 681 Possunt
1297 639 1410 680 enim

17 712 47 736 10
67 699 266 753 cuiquam
298 713 390 740 esse
422 699 551 740 utiles
585 712 789 754 angores,
828 698 1156 753 sollicitudines,
1195 698 1337 739 diurni
1368 700 1411 739 et

66 758 266 799 nocturni
304 760 462 812 metus,
500 757 590 799 vita
627 757 880 798 insidiarum
918 758 1291 813 periculorumque
1323 757 1410 812 ple-

67 816 279 858 nissima?

126 875 277 917 Multi
322 875 487 930 iniqui
538 878 689 929 atque
741 873 986 917 infideles
1035 877 1211 930 regno,
1262 875 1412 930 pauci

985 934 1235 987 benivoli,

67 993 209 1048 inquit
246 992 412 1034 Accius.
475 992 536 1033 At
579 993 645 1033 cui
689 993 852 1048 regno?
914 991 1037 1041 Quod
1081 1007 1105 1034 a
1142 991 1327 1034 Tantalo
1369 995 1412 1034 et

16 1063 48 1089 15
67 1051 227 1107 Pelope
258 1051 477 1106 proditum
508 1051 600 1092 iure
633 1052 921 1106 optinebatur.
976 1050 1091 1092 Nam
1124 1053 1285 1106 quanto
1319 1051 1412 1106 plu-

67 1111 127 1152 ris
153 1111 192 1152 ei
218 1111 310 1165 regi
336 1112 476 1165 putas,
512 1110 585 1164 qui
611 1110 799 1152 exercitu
824 1109 974 1165 populi
994 1109 1178 1152 Romani
1204 1110 1412 1165 populum

67 1170 209 1225 ipsum
235 1169 479 1211 Romanum
511 1169 798 1224 oppressisset
829 1169 1134 1224 civitatemque
1165 1184 1252 1210 non
1284 1169 1410 1210 modo

67 1229 268 1282 liberam,
310 1228 383 1269 sed
421 1228 551 1269 etiam
585 1228 786 1283 gentibus
817 1228 1104 1283 imperantem
1137 1228 1296 1269 servire
1329 1228 1413 1269 sibi

69 1287 310 1343 coegisset?
359 1285 484 1329 Hunc
516 1289 564 1328 tu
597 1301 702 1342 quas
735 1287 1019 1329 conscientiae
1051 1287 1171 1328 labes
1198 1287 1242 1328 in
1268 1287 1412 1328 animo

15 1358 49 1383 20
69 1361 215 1389 censes
246 1346 461 1400 habuisse,
494 1360 602 1400 quae
628 1346 837 1388 vulnera?
888 1345 1018 1388 Cuius
1045 1348 1189 1387 autem
1218 1346 1310 1387 vita
1329 1346 1413 1401 ipsi

69 1408 215 1462 potest
245 1405 366 1446 utilis
399 1419 511 1458 esse,
544 1420 639 1447 cum
673 1405 761 1446 eius
793 1405 909 1446 vitae
941 1419 991 1446 ea
1022 1405 1213 1447 condicio
1247 1405 1321 1459 sit,
1352 1407 1414 1459 ut,

70 1465 143 1520 qui
173 1465 297 1506 illam
329 1464 552 1519 eripuerit,
589 1464 634 1505 in
672 1464 859 1505 maxima
898 1466 940 1506 et
978 1464 1121 1520 gratia
1151 1463 1323 1505 futurus
1356 1464 1413 1505 sit

69 1526 112 1565 et
145 1523 313 1579 gloria?
364 1522 525 1571 Quodsi
548 1522 654 1565 haec
680 1523 805 1564 utilia
830 1537 916 1565 non
943 1526 1055 1577 sunt,
1087 1537 1195 1577 quae
1227 1523 1413 1564 maxime

0 1631 1 1643 ἵ
69 1582 279 1636 videntur,
300 1582 400 1636 quia
419 1582 548 1637 plena
567 1584 668 1623 sunt
688 1582 904 1623 dedecoris
925 1597 974 1624 ac
993 1581 1286 1637 turpitudinis,
1306 1582 1412 1623 satis

16 1652 49 1679 25
68 1656 321 1697 persuasum
349 1655 441 1682 esse
468 1641 595 1682 debet
619 1640 728 1682 nihil
755 1655 847 1683 esse
873 1641 991 1695 utile,
1023 1641 1137 1696 quod
1167 1655 1254 1682 non
1285 1640 1412 1682 hone-

69 1703 185 1742 stum
218 1700 286 1742 sit.

156 1758 426 1815 Quamquam
453 1760 496 1801 id
523 1759 693 1814 quidem
721 1774 815 1801 cum
843 1774 968 1815 saepe
996 1760 1117 1814 alias,
1142 1762 1235 1800 tum
1255 1759 1411 1813 Pyrrhi

67 1819 181 1861 bello
209 1834 234 1860 a
259 1817 304 1861 C.
323 1818 521 1861 Fabricio
552 1819 724 1860 consule
756 1819 911 1860 iterum
946 1820 988 1860 et
1020 1834 1045 1860 a
1076 1821 1228 1860 senatu
1260 1821 1411 1860 nostro

67 1878 302 1920 iudicatum
346 1881 422 1919 est.
484 1876 592 1919 Cum
630 1877 743 1919 enim
785 1892 860 1919 rex
896 1877 1087 1931 Pyrrhus
1123 1877 1292 1943 ‘populo
1330 1877 1413 1919 Ro-

17 1948 50 1973 30
69 1952 195 1979 mano
228 1937 391 1980 bellum
422 1937 537 1978 ultro
570 1936 801 1991 intulisset,
832 1951 1011 1990 cumque
1045 1936 1131 1977 de
1119 1936 1301 1991 imperio
1327 1950 1413 1978 cer-

68 1998 213 2037 tamen
251 1999 364 2037 esset
402 2011 497 2038 cum
535 2009 636 2052 rege
676 2009 882 2051 generoso
922 2010 970 2037 ac
1006 1995 1192 2050 potenti,
1230 1995 1412 2051 perfuga

68 2055 122 2097 ab
155 2069 204 2097 eo
236 2055 354 2097 venit
385 2055 430 2096 in
461 2057 604 2097 castra
633 2053 806 2096 Fabrici
837 2054 959 2109 eique
992 2056 1057 2095 est
1094 2054 1333 2110 pollicitus,
1375 2055 1412 2096 si

67 2113 307 2168 praemium
339 2114 422 2156 sibi
453 2113 761 2169 proposuisset,
794 2127 855 2167 se,
886 2116 935 2154 ut
967 2114 1078 2155 clam
1109 2113 1316 2168 venisset,
1351 2113 1411 2154 sic

68 2173 179 2214 clam
210 2173 255 2214 in
285 2172 442 2227 Pyrrhi
480 2175 623 2214 castra
660 2173 898 2214 rediturum
936 2175 979 2214 et
1017 2187 1113 2214 eum
1146 2187 1310 2214 veneno
1342 2187 1411 2213 ne-

16 2241 50 2268 35
69 2234 275 2273 caturum.
318 2231 444 2274 Hune
470 2231 693 2273 Fabricius
719 2231 1003 2273 reducendum
1031 2232 1197 2273 curavit
1228 2231 1281 2273 ad
1308 2230 1411 2285 Pyr·

67 2289 207 2346 rhum,
234 2290 360 2346 idque
381 2291 470 2333 eius
494 2290 658 2333 factum
677 2290 900 2333 laudatum
921 2306 946 2333 a
967 2293 1117 2332 senatu
1143 2293 1219 2332 est.
1263 2290 1411 2345 Atqui,

1439 1299 1481 1331 85

1426 1741 1482 1781 22

1438 1793 1482 1824 se
