1663 2490
433 75 520 110 ΜΒ.
547 75 574 111 Ι.
614 74 714 109 CAP.
743 79 844 111 7—9.
881 78 901 117 ξ
926 79 1077 109 24—30.
1371 74 1421 113 11

84 184 293 226 feruntur.
355 182 418 225 Ac
456 183 507 224 de
544 182 765 224 inferenda
803 182 972 237 quidem
1009 181 1166 223 iniuria
1204 180 1309 222 satis
1343 180 1425 222 dic-

85 246 178 285 tum
211 245 288 283 est.

173 299 585 342 Praetermittendae
629 302 773 341 autem
818 298 1075 341 defensionis
1120 297 1424 352 deserendique

89 359 219 402 officii
250 359 396 414 plures
429 359 571 400 solent
602 372 694 399 esse
727 372 898 412 causae3
934 372 1033 399 nam
1073 359 1148 398 aut
1176 356 1424 398 inimicitias

49 431 66 457 ⁵
86 421 161 461 aut
192 418 386 460 laborem
418 420 493 459 aut
524 419 722 472 sumptus
755 417 969 471 suscipere
1000 416 1154 457 nolunt
1186 418 1261 456 aut
1294 415 1424 456 etiam

83 476 377 533 neglegentia,
415 476 612 531 pigritia,
649 475 804 517 inertia
836 478 910 517 aut
941 475 1029 516 suis
1061 474 1215 516 studiis
1254 473 1425 528 quibus-

86 536 185 577 dam
223 534 628 590 occupationibusve
661 534 721 576 sic
758 534 1066 589 impediuntur,
1103 536 1152 574 ut
1188 547 1278 586 eos,
1318 546 1424 586 quos

85 593 220 636 tutari
251 594 446 647 debeant,
478 593 670 634 desertos
702 607 794 634 esse
826 593 1060 648 patiantur.
1105 590 1257 646 Itaque
1283 591 1425 632 viden-

87 653 188 694 dum
219 655 297 706 est,
328 667 380 693 ne
411 666 498 694 non
524 652 630 693 satis
657 651 714 693 sit
738 651 794 705 id,
825 652 939 706 quod
968 650 1080 706 apud
1106 650 1333 692 Platonem
1359 652 1426 690 est

33 726 66 751 ιο
84 712 129 753 111
153 711 437 766 philosophos
464 710 638 764 dictum,
664 710 778 764 quod
804 710 849 751 in
868 710 958 751 veri
977 709 1310 764 investigatione
1335 723 1427 750 ver-

85 773 234 812 sentur
260 770 457 824 quodque
483 783 545 823 ea,
571 783 678 823 quae
704 769 897 824 plerique
917 768 1191 810 vehementer
1211 769 1427 822 expetant,

85 829 136 871 de
168 828 322 883 quibus
353 829 467 870 inter
499 842 543 870 se
582 827 811 883 digladiari
850 828 1044 881 soleant,
1075 829 1353 869 contemnant
1384 828 1428 867 et

84 902 164 943 pro
184 887 320 929 nihilo
345 889 510 942 putent,
536 889 765 941 propterea
790 886 927 927 iustos
954 885 1086 927 esse&
1100 884 1215 927 Nam
1241 885 1426 926 alterum

86 946 296 1013 [iustitiae
316 948 467 1001 genus]
484 947 781 999 assequuntur,
796 948 844 986 ut
857 944 1078 986 inferenda
1090 959 1143 985 ne
1163 944 1230 986 cui
1243 946 1427 986 noceant

35 1018 67 1044 15
85 1004 254 1059 iniuria,
284 1005 330 1045 in
361 1004 545 1046 alterum
576 1004 786 1057 incidunt3
818 1003 1005 1045 discendi
1037 1003 1151 1044 enim
1177 1003 1319 1044 studio
1350 1002 1427 1043 im-

85 1063 232 1120 pediti,
264 1077 370 1117 quos
401 1063 513 1104 tueri
540 1062 708 1116 debent,
740 1062 950 1103 deserunt.
1000 1061 1152 1116 Itaque
1184 1075 1256 1103 eos
1288 1076 1341 1102 116
1374 1061 1427 1102 ad

84 1137 176 1164 rem
206 1122 426 1177 publicam
464 1121 634 1176 quidem
674 1135 918 1163 accessuros
956 1123 1083 1175 putat
1120 1120 1205 1161 nisi
1242 1122 1426 1162 coactos.

84 1181 276 1236 Aequius
303 1183 447 1222 autem
473 1182 567 1222 erat
591 1180 634 1221 id
659 1180 883 1221 voluntate
908 1179 1019 1233 fieri,
1050 1193 1151 1220 nam
1177 1179 1258 1220 hoc
1284 1179 1425 1234 ipsum

84 1240 148 1282 ita
171 1240 333 1281 iustum
360 1241 438 1293 est,
464 1238 578 1294 quod
597 1241 710 1281 recte
736 1239 798 1292 fit,
824 1238 860 1279 si
884 1241 949 1279 est
968 1238 1273 1279 voluntarium.
1317 1236 1426 1279 Sunt

33 1311 67 1338 κο
87 1299 236 1353 etiam,
271 1298 343 1353 qui
376 1300 451 1340 aut
483 1297 623 1339 studio
656 1297 717 1339 rei
748 1297 975 1339 familiaris
1008 1297 1191 1338 tuendae
1223 1299 1298 1338 aut
1329 1296 1427 1338 odio

90 1357 275 1413 quodam
300 1357 522 1399 hominum
554 1371 677 1398 suum
704 1371 747 1398 se
772 1356 994 1412 negotium
1021 1369 1149 1411 agere
1176 1355 1320 1397 dicant
1350 1370 1428 1397 nec

85 1417 227 1459 facere
258 1416 456 1471 cuiquam
488 1416 713 1457 videantur
737 1415 950 1457 injuriam.
1001 1413 1081 1463 Qui
1108 1415 1245 1456 altero
1273 1428 1428 1470 genere

85 1475 323 1517 iniustitiae
348 1477 516 1530 vacant,
541 1475 585 1516 in
612 1475 795 1516 alterum
820 1474 1060 1528 incurrunt3
1087 1473 1288 1515 deserunt
1314 1473 1429 1514 enim

86 1535 201 1576 vitae
233 1534 502 1587 societatem,
541 1533 641 1588 quia
677 1533 786 1574 nihil
824 1532 1050 1575 conferunt
1080 1533 1126 1574 in
1157 1547 1253 1574 eam
1286 1532 1429 1587 studii,

34 1606 68 1631 2⁵
86 1593 196 1635 nihil
229 1607 402 1648 operae,
433 1592 542 1634 nihil
573 1592 842 1634 facultatum.

176 1651 354 1701 Quando
386 1651 521 1707 igitur
552 1651 717 1692 duobus
751 1650 977 1706 generibus
1005 1650 1244 1692 iniustitiae
1276 1664 1430 1705 propo-

87 1711 183 1753 sitis
221 1710 491 1752 adiunximus
530 1724 680 1752 causas
711 1710 934 1764 utriusque
974 1710 1141 1765 generis
1174 1723 1330 1763 easque
1360 1724 1428 1750 res

87 1772 187 1812 ante
218 1769 537 1823 constituimus,
569 1769 724 1824 quibus
754 1768 922 1810 iustitia
953 1768 1260 1822 contineretur,
1291 1768 1430 1819 facile,

88 1828 202 1884 quod
232 1828 434 1883 cuiusque
465 1828 673 1883 temporis
713 1827 901 1869 officium
939 1827 1012 1881 sit,
1053 1827 1308 1882 poterimus,
1345 1827 1429 1868 nisi

37 1900 69 1926 so
88 1890 257 1930 nosmet
304 1887 422 1943 ipsos
471 1887 596 1929 valde
646 1886 904 1941 amabimus,
953 1886 1158 1941 iudicare,
1206 1889 1272 1927 est
1315 1886 1428 1927 enim

89 1946 277 1989 difficilis
321 1961 422 1989 cura
465 1961 608 1988 rerum
653 1946 901 1987 alienarum.
963 1944 1231 1999 Quamquam
1276 1944 1428 1986 Teren-

88 2006 230 2047 tianus
266 2005 341 2047 ille
373 2004 577 2048 Chremes
614 2004 842 2046 ‘humani
879 2004 1012 2045 nihil
1052 2019 1077 2045 a
1116 2019 1166 2046 se
1205 2003 1428 2046 alienum

87 2063 274 2120 putat'3
313 2064 385 2106 sed
416 2067 579 2118 tamen,
618 2064 718 2118 quia
750 2063 889 2119 magis
922 2078 971 2104 ea
1008 2063 1266 2118 percipimus
1300 2065 1429 2117 atque

89 2123 315 2179 sentimus,
353 2137 461 2178 quae
497 2122 623 2165 nobis
659 2122 766 2178 ipsis
800 2125 873 2163 aut
904 2136 1112 2177 prospera
1143 2124 1218 2164 aut
1249 2121 1429 2164 adversa

36 2182 307 2236 ³5eveniunt,
344 2197 473 2237 quam
504 2182 599 2236 illa,
638 2196 746 2236 quae
778 2181 949 2235 ceteris,
987 2195 1095 2235 quae
1135 2180 1258 2236 quasi
1296 2181 1428 2236 longo

87 2241 317 2283 intervallo
342 2241 567 2283 interiecto
594 2241 799 2294 videmus,
826 2239 952 2281 aliter
972 2240 1022 2281 de
1048 2239 1137 2281 illis
1163 2254 1213 2282 ac
1233 2240 1283 2281 de
1302 2239 1429 2282 nobis

87 2299 335 2342 iudicamus.
379 2299 586 2347 Quocirca
610 2299 718 2341 bene
743 2299 1023 2354 praecipiunt,
1051 2299 1123 2354 qui
1145 2300 1295 2341 vetant
1316 2298 1430 2353 quic-

1451 278 1476 317 9

1450 329 1495 360 28

1453 1248 1496 1278 29

1455 1896 1501 1927 30
