1673 2505
370 93 650 129 POEMATUM.
675 93 719 128 H.
747 93 797 128 lV
821 104 843 128 a
869 105 901 128 v.
929 98 1100 130 64-129.
1315 95 1398 136 3153

67 202 187 252 Quod
220 202 341 256 quasi
371 201 533 242 temoni
564 200 808 242 adiunctam
839 215 941 256 prae
971 215 1014 242 se
1042 201 1182 255 quatit
1208 200 1398 242 Arctum.

67 262 215 303 Clarus
244 260 322 313 liic,
355 263 391 300 et
421 259 568 300 s'ubter
599 259 846 314 praecordia
877 259 962 300 fixa
994 259 1160 300 videtur

66 318 203 361 Stella
235 318 395 360 micans
427 317 579 371 radiis,
610 318 860 358 Arcturus
892 317 1063 359 nomine
1095 318 1222 359 claro.

125 377 209 418 Hic
238 390 278 418 se
309 377 386 418 sub
418 376 596 431 pedibus
628 375 793 430 profert
823 376 946 417 finita
976 375 1105 417 Booti
1333 387 1398 417 100

66 435 237 491 Spicum
270 435 450 476 inlustre
482 437 631 476 tenens
664 434 905 488 splendenti
937 449 1113 489 corpore
1144 433 1316 489 Virgo.

66 495 158 538 Sive
187 494 252 535 illi
282 494 481 535 Astraeus
503 496 624 546 pater
653 496 721 546 cst,
751 494 821 546 qui
852 494 1002 535 dicitur
1031 495 1137 535 idem

66 552 274 596 Sideribus
303 553 502 605 stellisque
524 555 662 605 pater,
692 564 761 593 seu
791 552 957 604 quilibet
985 552 1105 605 alter,

65 611 133 654 Sit
158 611 308 663 faelix:
340 624 437 652 sane
466 610 561 652 haec
590 613 790 651 narratur
817 610 962 662 fabula
992 611 1118 663 vulqo.

74 670 248 711 Incoluit
275 670 380 711 caelo
412 673 542 710 terras
571 669 750 710 Astraea
779 669 932 722 relicto,
1336 679 1400 710 105

68 728 363 781 Conventusque
392 728 602 769 hominum
631 741 713 769 non
743 728 958 781 dediqnata
981 728 1189 782 priorum,

67 786 147 830 Sed
174 800 244 828 nec
271 788 488 838 foemineos
517 800 706 840 spernens
738 787 906 828 invisere
936 790 1080 837 coetus,

66 845 187 887 Lethi
217 859 354 898 expers
380 845 518 898 qeneri
547 845 712 886 mortali
743 846 865 886 mista
895 846 1056 898 resedit,

66 904 243 946 Nomine
272 904 464 946 Iustitiae
490 905 687 958 gaudens,
718 904 952 956 senibusque
982 904 1144 957 coactis,

65 962 159 1005 Sive
186 963 276 1015 foro
306 964 353 1004 in
383 976 547 1016 wemno,
577 975 646 1005 seu
677 963 909 1015 latipatente
931 963 1089 1017 platea,
1336 974 1402 1005 110

66 1021 213 1064 Civiles
235 1022 402 1075 populis
431 1021 608 1063 dictabat
635 1022 775 1063 sedula
807 1022 925 1074 leqes:

66 1080 151 1122 Nec
180 1081 292 1122 mala
324 1081 375 1121 lis
402 1080 554 1133 fuerat,
584 1094 655 1121 nec
685 1081 782 1121 dum
812 1080 1014 1121 discordia
1044 1083 1158 1134 nota,

67 1139 152 1180 Nec
180 1139 270 1190 fera
300 1139 441 1180 seditio
469 1139 655 1190 furiarat
683 1139 826 1180 mobile
855 1139 1014 1191 vulqus,

65 1197 197 1239 Saeva
226 1210 297 1238 nec
326 1198 497 1239 audaces
525 1197 694 1249 fucrant
720 1197 828 1249 freta
853 1210 979 1250 passa
1010 1198 1195 1239 carinas:

66 1255 146 1298 Sed
175 1256 300 1297 bubus
330 1259 454 1297 tracto
485 1256 685 1298 sulcantes
714 1269 868 1297 vomere
900 1259 1042 1306 terras,
1339 1267 1402 1297 115

65 1314 288 1356 Malebant
318 1315 436 1356 tenui
468 1314 657 1356 contenti
688 1313 830 1356 vivere
863 1315 980 1355 cultu

66 1373 301 1427 Sufficiente
330 1373 423 1415 Dea
452 1374 571 1415 iustis
598 1374 715 1426 pleno
746 1374 885 1414 omnia
915 1387 1050 1415 cornu.

65 1432 182 1474 Haec
211 1436 363 1486 manet,
393 1433 439 1473 in
469 1433 620 1474 sanctis
644 1433 742 1473 dum
768 1445 866 1485 qens
896 1436 1034 1473 manet
1062 1446 1189 1474 aurea
1221 1433 1361 1475 terris:

65 1490 147 1533 Sed
174 1504 256 1533 non
287 1492 443 1544 arqenti
472 1492 598 1532 nimis
628 1494 685 1533 est
715 1491 864 1532 laetata
894 1491 1071 1542 metallo,

65 1549 255 1591 ,Moribus
283 1553 328 1591 at
356 1550 480 1591 versis
502 1551 624 1603 prior
653 1552 710 1591 est
738 1563 889 1602 quoquc
918 1563 1033 1591 versa
1063 1550 1266 1604 voluntas,
1339 1561 1403 1592 120

65 1608 260 1661 Raraque
285 1609 416 1661 pelori
445 1609 583 1650 iunxit
610 1621 688 1650 sua
717 1609 893 1649 numina
919 1610 1050 1661 qenti:

66 1666 167 1710 Sola
196 1668 266 1709 sed
294 1681 343 1709 ecc
372 1668 509 1710 raucis
538 1667 771 1709 descendens
801 1668 1003 1709 montibus
1033 1667 1132 1722 ibat,

67 1725 151 1767 Sub
180 1729 333 1767 noctem
362 1726 469 1768 nulli
499 1726 644 1767 teneris
674 1726 858 1767 blandita
889 1726 1074 1779 loquelis;

66 1784 148 1827 Sed
175 1785 299 1826 simul
329 1798 376 1826 ac
406 1798 577 1838 maqnas
606 1784 817 1826 hominum
846 1786 1014 1827 venisset
1042 1786 1099 1827 ad
1125 1785 1259 1839 urbes,

66 1843 261 1896 Improba
293 1844 478 1896 terrificis
508 1844 566 1885 sic
595 1843 683 1884 ulta
713 1846 771 1885 est
800 1844 976 1885 crimina
1005 1844 1155 1885 verbis:
1337 1854 1403 1886 125

67 1902 165 1944 Non
195 1915 262 1956 eqo
292 1916 354 1944 me
384 1903 529 1955 diqnor
554 1902 721 1955 posthac
751 1905 977 1944 monstrare
1005 1903 1239 1957 videndam,

63 1960 248 2014 Deqcner
279 1974 300 2002 o
323 1962 488 2014 primae
513 1961 646 2013 proles
675 1974 784 2002 nunc
813 1961 944 2002 altera
966 1962 1116 2015 prolis,

65 2019 290 2073 Deqeneres
320 2021 541 2072 iterumque
570 2021 793 2073 iterumque
821 2019 1014 2062 habitura
1043 2024 1222 2074 nepotes:

69 2079 184 2120 Tunc
211 2079 302 2130 fera
333 2079 435 2120 bella
465 2079 675 2120 hominum
701 2079 855 2132 ymeri,
886 2080 1096 2132 caedesque
1125 2081 1327 2133 nefandae

159 2181 203 2217 V.
230 2185 274 2217 98
289 2193 342 2226 sq.
371 2182 441 2217 Cic.
468 2182 517 2217 N.
544 2183 593 2218 D.
618 2182 671 2216 H
691 2185 750 2218 42.
777 2186 858 2218 110.
887 2203 930 2208 -—
958 2187 1024 2218 100
1039 2195 1091 2228 sq.
1121 2184 1238 2219 Prisc.
1272 2183 1333 2217 VI
1349 2187 1405 2219 11.

67 2231 114 2264 63
139 2240 178 2273 p.
205 2232 290 2265 247.
316 2233 381 2272 18,
414 2241 446 2264 v.
476 2234 540 2264 101
571 2229 642 2264 Cic.
670 2229 718 2265 N.
745 2229 793 2265 D.
820 2230 873 2263 II
893 2233 953 2266 42.
979 2234 1068 2275 110,
1100 2231 1197 2266 Serv.
1228 2230 1329 2276 Verq.
1361 2230 1404 2264 G.

65 2275 90 2309 1
119 2279 206 2310 111.-
238 2275 387 2320 Spicum
418 2276 563 2311 illustre
595 2276 714 2311 ferens
745 2276 883 2321 insigni
916 2288 1067 2324 corpore
1098 2278 1226 2322 Virgo.
1260 2298 1303 2303 —-
1339 2282 1403 2312 116

67 2322 238 2359 Laetam.
265 2323 349 2359 inst.
375 2324 447 2360 div.
480 2323 515 2358 V
536 2327 567 2359 5.
596 2327 629 2359 5.
