1673 2505
321 391 367 434 F.
415 391 778 434 FRAGMENTA
816 390 1116 434 LIBRORUM

228 473 306 516 DE
338 473 726 516 PHILOSOPHIA
759 473 1232 516 DEPERDITORUM.

494 596 524 635 I.
569 594 952 635 OECONOMICUS.

147 687 182 727 1.
219 685 354 728 Cicero
391 688 437 728 de
475 687 542 738 off.
573 687 634 728 II
658 689 728 728 24.
761 690 818 728 87
849 687 945 728 Has
980 700 1044 729 res
1080 687 1395 729 commodissime

20 757 36 783 5
56 745 279 799 Xenophon
303 745 532 788 Socraticus
549 749 781 799 persecutus
806 750 863 788 est
892 747 938 787 in
968 759 1010 787 eo
1037 746 1148 799 libro,
1180 747 1251 798 qui
1278 745 1392 787 Oeco-

54 805 235 847 nomicus
253 805 498 859 inscribitur,
517 819 632 858 quem
650 818 734 858 nos,
752 805 834 846 ista
852 805 936 856 fere
955 808 1083 846 aetate
1102 818 1193 846 eum
1211 818 1394 858 essemus,

54 877 135 916 qua
165 877 205 905 es
237 867 280 904 tu
309 878 434 917 nunc,
465 878 484 905 e
515 863 670 906 Graeco
701 865 747 904 in
777 864 979 905 Latinum
1009 865 1285 905 convertimus.

143 922 182 963 2.
213 923 384 965 Hieron.
407 923 541 976 praef.
572 924 618 964 in
648 922 794 964 Euseb.
823 921 1028 964 Chronica
1058 923 1116 964 in.
1172 922 1292 964 Vetus
1322 924 1396 965 iste

54 982 295 1023 disertorum
326 995 421 1034 mos⁴
439 982 537 1033 fuit,
568 986 616 1023 ut
645 982 850 1023 exercendi
883 983 1034 1035 inyenii
1064 995 1189 1023 causa
1221 981 1395 1023 Graecos

6 1052 36 1077 ιο
52 1040 176 1082 ¹libros
212 1040 364 1082 Latino
400 1054 579 1082 sermone
615 1041 863 1082 absolverent
897 1044 948 1094 et,
992 1041 1098 1093 qued
1132 1041 1229 1092 plus
1270 1042 1317 1082 in
1356 1054 1395 1082 se

54 1099 308 1152 difficidtatis
350 1099 480 1153 habet,
516 1102 708 1152 poema-ta
751 1099 990 1141 inlustrium
1033 1100 1216 1140 virorum
1253 1100 1395 1141 addita

53 1159 172 1199 metri
212 1159 440 1200 necessitate
488 1158 775 1210 transferrent;
824 1159 931 1199 unde
979 1161 1016 1199 et
1056 1161 1190 1199 noster
1235 1158 1396 1200 Tullius

54 1216 243 1259 Platonis
279 1218 454 1271 inteyros
491 1217 612 1258 libros
648 1218 704 1258 ad
738 1217 901 1258 verbum
938 1217 1223 1269 interpretatus
1259 1221 1316 1258 est
1349 1222 1395 1270 et,

55 1289 144 1317 cum
163 1276 342 1317 Aratum
367 1277 453 1318 iam
470 1276 705 1317 Romanum
730 1275 972 1317 hexametris
995 1275 1173 1318 versibus
1199 1276 1396 1330 edidisset,

3 1345 35 1371 15
53 1335 99 1376 in
131 1334 408 1388 Xenophontis
440 1333 694 1377 Oeconomico
726 1335 842 1384 lusit;
874 1335 920 1376 in
950 1348 1027 1387 quo
1058 1347 1171 1387 opere
1196 1335 1256 1375 ita
1280 1349 1396 1388 saepe

53 1407 225 1435 aureum
262 1394 367 1436 illud
400 1394 552 1446 flumen
595 1394 839 1447 eloquentiae
881 1394 1121 1446 quibusdam
1163 1394 1318 1436 scabris
1361 1398 1397 1436 et

54 1453 292 1494 turbulentis
323 1453 497 1495 obicibus
536 1454 786 1506 retardatur,
822 1456 884 1503 ut,
922 1454 992 1505 qui
1028 1453 1294 1504 interpretata
1331 1467 1395 1494 ne-

53 1512 203 1566 sciunt,
233 1525 261 1553 a
291 1511 476 1553 Cicerone
507 1513 612 1553 dicta
641 1526 725 1553 non
755 1512 929 1553 credant.

142 1570 182 1612 3.
213 1569 322 1612 Serv.
354 1572 410 1612 ad
441 1571 551 1624 Very.
580 1570 720 1623 Georq.
747 1571 779 1611 I
798 1573 855 1611 43
885 1569 995 1611 Sane
1024 1570 1230 1612 sciendum
1261 1569 1395 1612 Xeno-

18 1640 35 1666 ο
47 1629 238 1683 phontem
267 1631 472 1683 scripsisse
495 1643 625 1671 ionum
650 1631 799 1671 librum
824 1630 1128 1682 oeconomicum,
1159 1630 1274 1670 euius
1290 1644 1396 1682 pars

53 1689 201 1730 ultima
237 1690 329 1742 ayri
365 1690 567 1730 culturam
605 1690 796 1737 continet‚·
835 1689 882 1729 de
918 1702 999 1741 qua
1022 1692 1143 1741 parte
1179 1689 1310 1730 multa
1341 1690 1397 1730 ad

52 1761 173 1789 suum
202 1748 273 1789 hoc
304 1761 403 1801 opus
435 1745 635 1802 Veryilius
666 1748 885 1801 transtulit,
915 1748 1019 1789 sieut
1047 1748 1169 1788 etiam
1200 1748 1246 1788 (le
1272 1746 1394 1789 Geor-

49 1807 151 1859 9ieis
177 1807 372 1860 Mayonis
401 1806 515 1861 Afri,
548 1805 725 1857 Catonis,
764 1807 974 1857 Varronis,
1008 1804 1212 1848 Ciceronis
1242 1820 1396 1860 quoque

55 1865 155 1907 libro
194 1866 309 1907 tertio
343 1865 709 1916 Oeconomicorum‚
746 1867 816 1919 qui
854 1866 945 1918 ayri
976 1866 1179 1906 culturam
1210 1867 1393 1907 continet.

19 1934 35 1960 5
54 1924 167 1965 Nam
196 1925 361 1977 primus
390 1928 605 1978 praecepta
640 1925 772 1979 habet,
815 1938 931 1977 quem
970 1925 1026 1966 ad
1061 1926 1225 1966 modum
1260 1924 1398 1966 debeat

53 1984 368 2035 materfamilias
389 1984 498 2026 domi
516 1998 641 2038 ayere,
666 1984 872 2037 secundus,
897 1997 1013 2036 quem
1032 1984 1088 2025 ad
1109 1984 1275 2025 medum
1291 1983 1396 2036 foris

48 2043 364 2095 paterfamilias.

140 2102 179 2143 4.
211 2101 320 2143 Serv.
359 2102 471 2156 Very.
505 2101 645 2155 Geory.
678 2101 738 2142 ΙΙ
762 2104 847 2143 412
882 2101 943 2142 Et
974 2099 1072 2143 Cato
1109 2104 1147 2142 et
1177 2100 1313 2143 Cicero
1352 2103 1397 2142 in

56 2159 324 2202 Oeconomieis
361 2161 407 2202 ob
443 2161 515 2202 hoc
553 2161 724 2202 laudant
754 2161 929 2213 praedia
972 2163 1010 2201 et
1052 2159 1294 2214 latifundia,
1337 2161 1397 2201 vel

19 2219 172 2273 oquod,
209 2223 256 2260 ut
284 2220 383 2261 dicit
411 2219 619 2270 Donatus,
658 2220 780 2261 etiam
816 2233 899 2261 non
936 2220 1045 2261 culta
1073 2222 1293 2272 praestant
1321 2219 1396 2260 ali-

52 2278 152 2330 quid
180 2277 353 2320 domino.

1108 2346 1180 2381 20*
