1663 2490
194 80 277 123 180
592 79 792 115 LAELIUS
819 80 882 114 DE
907 80 1128 115 AMICITIA

190 188 350 230 nodum
377 188 592 230 amicitiae
617 189 783 229 tollere.
832 187 931 228 Non
957 188 1070 229 enim
1095 192 1186 230 tam
1212 189 1380 230 utilitas
1408 193 1535 244 parta

190 262 268 302 per
299 247 484 289 amicum
517 262 646 301 quam
678 246 803 287 amici
835 261 956 287 amor
987 247 1079 301 ipse
1117 247 1319 302 delectat,
1358 251 1535 302 tumque

189 306 298 348 illud
331 307 396 359 fit,
429 306 542 360 quod
574 306 628 346 ab
662 305 798 346 amico
832 308 897 346 est
928 305 1187 361 profectum,
1219 307 1466 361 iucundum,
1499 307 1535 348 si

191 380 287 407 cum
320 365 461 406 studio
495 367 561 405 est
592 363 849 418 profectum,
888 366 1145 419 tantumque
1177 365 1318 419 abest,
1349 369 1398 407 ut
1430 366 1534 407 ami-

192 424 318 466 citiae
351 426 528 489 propter
559 422 842 477 indigentiam
875 423 1088 477 colantur,
1121 426 1169 465 ut
1200 424 1242 476 ii,
1275 425 1347 479 qui
1380 425 1533 479 opibus
1573 437 1588 461 5

193 486 235 524 et
278 482 412 536 copiis
458 481 727 547 maximeque
771 481 947 534 virtute,
991 482 1035 522 in
1077 497 1160 536 qua
1197 458 1430 536 plurimum
1470 486 1536 525 est

191 540 406 597 praesidii,
438 540 613 581 minime
646 540 824 581 alterius
855 515 1091 595 indigeant,
1123 541 1417 583 liberalissimi
1449 542 1536 583 sint

192 603 235 642 et
260 598 653 641 beneficentissimi.·
698 598 841 652 Atque
873 599 979 640 haut
1011 599 1144 641 sciam
1171 614 1227 641 an
1250 614 1304 641 ne
1339 615 1446 655 opus
1480 601 1536 642 sit

192 659 364 713 quidem
406 658 515 698 nihil
559 672 763 711 umquam
807 658 979 699 omnino
1025 658 1170 700 deesse
1216 658 1376 700 amicis.
1449 658 1536 701 Ubi

192 717 305 759 enim
338 717 481 758 studia
511 719 662 757 nostra
698 716 956 771 viguissent,
1000 716 1035 757 si
1072 731 1306 771 numquam
1345 718 1590 772 consi1i0‚1o

191 791 427 830 numquam
466 790 596 830 opera
634 778 784 816 nostra
815 789 892 816 nec
925 775 1039 816 domi
1071 790 1148 817 nec
1180 776 1362 818 militiae
1395 775 1536 831 Scipio

191 834 411 890 eguisset?
466 833 564 875 Non
597 834 732 889 igitur
762 834 999 875 utilitatem
1031 834 1232 888 amicitia,
1266 835 1338 876 sed
1369 836 1537 877 utilitas

193 894 430 935 amicitiam
463 896 611 934 secuta
643 895 720 933 est.

124 939 178 1022 ἐξ)
279 953 319 994 N
324 967 379 994 on
400 966 502 1007 ergo
524 955 648 993 erunt
667 951 863 992 homines
885 952 1046 993 deliciis
1068 952 1310 994 diffluentes
1329 953 1538 1006 audiendi,

193 1013 229 1052 si
262 1011 431 1065 quando
465 1011 514 1052 de
548 1010 749 1064 amicitia,
782 1025 910 1064 quam
942 1025 1018 1053 nec
1050 1025 1130 1052 usu
1161 1025 1238 1053 nec
1266 1012 1433 1053 ratione
1465 1012 1536 1053 ha·
1560 1023 1589 1048 ¹5

192 1071 296 1112 bent
316 1069 546 1125 cognitam,
573 1069 865 1124 disputabunt.
910 1069 1022 1111 Nam
1044 1070 1138 1124 quis
1160 1073 1236 1124 est,
1264 1085 1340 1124 pro
1362 1071 1537 1112 deorum

192 1129 319 1170 fidem
343 1132 471 1195 atque
491 1128 731 1170 hominum!
761 1129 833 1182 qui
854 1128 970 1181 velit,
996 1131 1043 1169 ut
1063 1144 1199 1182 neque
1221 1129 1375 1184 diligat
1396 1144 1537 1183 quem—

194 1203 323 1254 quam
349 1202 425 1229 nec
452 1188 543 1242 ipse
570 1188 624 1228 ab
651 1188 711 1228 ull
718 1202 740 1229 0
769 1188 986 1242 diligatur,
1017 1187 1309 1229 circumfluere
1339 1189 1537 1229 omnibus

193 1247 327 1312 copiis
349 1246 508 1300 atque
497 1261 541 1287 m
562 1247 752 1287 omnium
772 1261 915 1287 16111111
936 1246 1199 1288 abundantia
1216 1247 1388 1288 vivere?
1421 1247 1538 1289 Haec

193 1305 306 1347 enim
334 1309 399 1347 est
426 1309 707 1359 tyrannorum
734 1305 823 1346 vita
850 1305 1062 1358 nimirum,
1089 1305 1134 1346 in
1166 1320 1250 1359 qua
1275 1306 1397 1346 nulla
1422 1306 1538 1359 fides,
1559 1318 1591 1342 2⁰

192 1365 313 1406 nulla
345 1364 522 1417 caritas,
560 1364 681 1405 nulla
720 1364 890 1405 stabilis
923 1364 1238 1405 benivolentiae
1270 1366 1415 1418 potest
1447 1379 1538 1406 esse

193 1423 361 1477 fiducia,
393 1423 538 1464 omnia
570 1437 737 1477 semper
769 1425 968 1476 suspecta
1000 1425 1129 1477 atque
1161 1423 1362 1477 sollicita,
1392 1424 1537 1465 nullu-s

124 1492 166 1525 53
193 1483 312 1524 locus
352 1482 577 1523 amicitiae.
647 1480 751 1529 Quis
790 1481 902 1522 enim
940 1483 1015 1523 aut
1055 1496 1152 1523 eum
1195 1481 1367 1537 diligat,
1412 1497 1536 1536 quem

193 1545 376 1595 metuat,
414 1543 489 1582 aut
527 1555 641 1594 eum,
679 1555 704 1582 a
743 1555 826 1594 quo
865 1555 910 1581 se
948 1540 1081 1581 metui
1113 1541 1265 1595 putet?
1328 1540 1538 1583 Coluntur

192 1603 340 1642 tamen
371 1600 646 1641 simulatione
673 1599 897 1640 dumtaxat
923 1599 976 1641 ad
1001 1602 1183 1654 tempus.
1227 1599 1388 1647 Quodsi
1412 1600 1537 1654 forte,
1557 1612 1590 1636 25

193 1662 241 1701 ut
273 1660 322 1700 fit
354 1660 623 1714 plerumque,
661 1658 923 1711 ceciderunt,
962 1661 1054 1699 tum
1087 1658 1376 1714 intellegitur,
1409 1674 1537 1713 quam

193 1718 353 1760 fuerint
393 1718 543 1772 inopes
588 1717 835 1759 amicorum.
898 1716 1019 1765 Quod
1056 1716 1338 1772 Tarquinium
1381 1718 1537 1759 dixisse

193 1777 338 1818 ferunt
370 1777 628 1830 exulantem,
660 1779 752 1817 tum
785 1790 830 1817 se
861 1776 1138 1830 intellexisse,
1170 1790 1276 1830 quos
1302 1776 1409 1818 fidos
1436 1777 1537 1818 ami-

194 1851 266 1878 cos
298 1836 534 1889 habuisset,
567 1849 673 1890 quos
705 1835 876 1889 infidos,
908 1850 1004 1877 cum
1035 1835 1120 1876 iam
1152 1835 1315 1876 neutris
1349 1836 1536 1891 gratiam

126 1905 169 1936 154
194 1894 352 1936 referre
397 1897 556 1949 posset.
623 1893 893 1948 Quamquam
937 1894 1086 1944 miror,
1130 1893 1206 1935 illa
1251 1895 1451 1948 superbia
1495 1898 1538 1936 et
1559 1907 1591 1931 30

194 1954 508 2008 inportunitate
535 1953 572 1994 si
598 1967 856 2007 quemquam
877 1953 1060 1995 amicum
1080 1953 1237 1994 habere
1264 1953 1418 2007 potuit.
1463 1953 1538 1994 At-

196 2027 276 2067 que
308 2015 357 2053 ut
389 2012 533 2062 huius,
565 2027 690 2066 quem
724 2012 830 2066 dixi,
863 2026 1003 2054 mores
1036 2026 1160 2053 veros
1193 2011 1353 2053 amicos
1386 2027 1538 2067 parare

195 2086 282 2112 non
315 2073 564 2125 potuerunt,
597 2071 657 2113 sic
690 2072 925 2112 multorum
958 2084 1059 2125 opes
1092 2071 1440 2125 praepotentium
1473 2086 1539 2113 ex-

195 2129 373 2172 cludunt
406 2130 618 2171 amicitias
650 2130 808 2171 fideles.
864 2129 963 2171 Non
995 2129 1108 2170 enim
1141 2130 1281 2171 solum
1314 2130 1409 2184 ipsa
1439 2129 1472 2171 F
1476 2144 1539 2172 or-

195 2192 300 2230 tuna
329 2203 453 2230 caeca
479 2192 557 2242 est,
589 2188 661 2229 sed
688 2203 759 2230 eos
787 2189 917 2230 etiam
944 2189 1195 2243 plerumque
1223 2188 1354 2229 efficit
1380 2193 1539 2239 caecos,
1560 2200 1592 2225 ³5

196 2262 302 2302 quos
341 2248 548 2301 conplexa
586 2253 669 2301 est3
707 2248 852 2301 itaque
890 2248 1124 2289 efferuntur
1163 2247 1252 2288 fere
1289 2247 1464 2290 fastidio
1498 2254 1540 2290 et

195 2306 482 2357 contumacia,
532 2320 608 2348 nec
658 2307 885 2360 quicquam
929 2306 1157 2361 insipiente
1207 2305 1430 2348 fortunato
1480 2307 1539 2348 in-
