1673 2505
103 300 143 353 17

105 1122 146 1155 18

106 2006 146 2038 19

168 65 255 106 202
709 63 971 99 PARADOXA

170 172 234 213 dis
267 173 393 213 rebus
420 186 530 214 unus
557 186 607 213 ex
631 171 865 212 fortunatis
892 171 1152 226 hominibus,
1185 171 1376 213 adversis
1402 186 1512 213 unus

170 245 219 272 ex
253 231 430 272 summis
463 230 567 271 viris
600 230 844 284 videbatur,
886 244 969 284 quo
1005 230 1175 272 beatius
1213 245 1306 272 esse
1338 230 1514 272 mortali

168 289 276 331 nihil
310 292 465 344 potest.
514 288 680 342 Nescis⁷
710 288 871 342 insane,
902 288 1053 343 nescis,
1086 292 1269 343 quantas
1296 289 1407 330 vires
1433 289 1514 330 vir-

170 351 239 389 tus
266 348 443 402 habeat3
475 361 631 388 nomen
657 349 828 388 tantum
854 346 1028 388 virtutis
1060 362 1255 402 usurpas,
1288 348 1389 402 quid
1419 348 1515 402 ipsa

170 408 330 460 valeat,
368 408 555 462 ignoras.
617 404 755 447 Nemo
794 407 939 460 potest
974 420 1061 447 non
1100 406 1377 448 beatissimus
1411 421 1515 461 esse,
1553 418 1567 442 5

172 466 244 520 qui
283 468 349 506 est
386 468 504 506 totus
543 466 670 518 aptus
710 478 760 505 ex
798 478 908 518 sese,
953 464 1109 519 quique
1149 465 1194 506 in
1232 480 1277 507 se
1314 480 1398 507 uno
1438 480 1516 506 sua

169 524 294 579 ponit
331 523 487 565 omnia.
548 521 628 564 Cui
667 537 763 577 spes
802 523 941 564 omnis
980 526 1023 564 et
1063 523 1174 565 ratio
1219 526 1262 565 et
1305 524 1514 580 cogitatio

169 583 327 638 pendet
359 597 408 623 ex
440 582 633 636 fortuna,
665 581 764 622 huie
795 581 905 623 nihil
937 585 1083 637 potest
1115 597 1206 624 esse
1239 583 1362 637 certi,
1393 583 1515 636 nihil,

171 641 283 695 quod
305 641 578 696 exploratum
598 640 757 681 habeat
777 655 1106 695 permansurum
1132 641 1215 682 sibi
1240 656 1372 683 unum
1392 642 1515 683 diem.

170 700 281 742 Eum
313 703 361 741 tu
392 700 613 741 hominem
644 702 819 753 terreto,
851 699 888 740 si
920 714 1046 754 quem
1078 700 1161 741 eris
1192 703 1387 754 nanctus,
1418 700 1515 741 istis
1537 712 1570 737 ιο

171 759 324 800 mortis
358 762 433 799 aut
466 758 581 799 exilii
614 758 753 799 minis.
808 757 915 799 Mihi
947 773 1048 800 vero
1082 758 1282 813 quicquid
1316 759 1518 801 acciderit

170 818 214 859 in
246 820 337 859 tam
369 818 544 873 ingrata
575 817 762 871 civitate,
794 831 846 858 ne
877 817 1094 859 recusanti
1120 818 1291 872 quidem
1317 818 1518 872 evenerit,

170 891 257 918 non
289 876 415 918 modo
450 877 571 928 [non]
605 876 876 931 repugnanti.
933 875 1042 924 Quid
1074 876 1187 918 enim
1212 884 1294 933 'ego
1323 876 1518 918 laboravi

172 938 247 977 aut
279 935 380 990 quid
413 936 500 990 egi,
532 937 607 976 aut
637 935 682 975 in
715 949 797 989 quo
830 935 1091 991 evigilarunt
1123 950 1248 977 curae
1281 937 1324 976 et
1355 935 1515 992 eogita-

171 995 310 1036 tiones
344 1009 481 1047 meae7
519 994 729 1049 siquidem
766 994 874 1035 nihil
906 994 1052 1049 peperi
1084 995 1190 1048 tale⁷
1228 994 1337 1035 nihil
1370 1009 1512 1036 conse·
1539 1007 1570 1031 15

172 1057 295 1095 cutus
330 1068 442 1108 sum,
480 1055 528 1094 ut
566 1068 614 1094 eo
649 1055 765 1094 statu
798 1067 952 1107 essem,
994 1068 1119 1107 quem
1151 1068 1287 1108 neque
1318 1053 1518 1095 fortunae

172 1112 394 1154 temeritas
415 1126 551 1166 neque
572 1112 842 1153 inimicorum
871 1111 1154 1153 labefactaret
1179 1112 1363 1153 iniuria?
1407 1111 1517 1154 Mor—

172 1174 315 1213 temne
348 1171 453 1212 mihi
492 1171 727 1224 minitaris,
769 1174 817 1212 ut
855 1171 1028 1212 omnino
1068 1171 1121 1212 ab
1160 1171 1424 1226 hominibus,
1464 1186 1517 1212 an

173 1230 360 1283 exilium,
392 1232 441 1271 ut
473 1230 527 1271 ab
560 1229 754 1284 inprobis
788 1229 1114 1285 demigrandum
1146 1230 1237 1271 sit?
1286 1229 1403 1271 Mors
1435 1232 1518 1270 ter-

171 1289 312 1330 ribilis
345 1289 409 1343 iis,
443 1303 625 1343 quorum
657 1303 753 1330 cum
786 1289 875 1329 vita
907 1289 1052 1330 omnia
1080 1289 1401 1344 extinguuntur,
1431 1303 1518 1330 non
1538 1301 1572 1324 2⁰

171 1348 243 1402 iis,
288 1362 470 1402 quorum
508 1346 602 1388 laus
642 1347 776 1388 emori
816 1361 902 1389 non
945 1350 1108 1401 potest⁷
1153 1347 1328 1388 exilium
1373 1350 1517 1389 autem

172 1406 273 1457 illis,
309 1406 463 1460 quibus
496 1406 620 1460 quasi
652 1405 999 1461 circumscriptus
1032 1409 1098 1447 est
1128 1406 1355 1448 habitandi
1386 1406 1518 1460 loeus,

172 1480 259 1508 non
284 1465 349 1519 iis,
382 1464 455 1520 qui
481 1479 651 1506 omnem
679 1464 827 1506 orbem
853 1468 1066 1506 terrarum
1092 1479 1222 1506 unam
1248 1465 1399 1507 urbem
1425 1479 1517 1507 esse

174 1525 343 1566 ducunt.
406 1522 465 1565 Te
503 1524 718 1577 miseriae,
762 1527 804 1564 te
849 1538 1078 1565 aerumnae
1119 1527 1321 1579 premunt
1358 1539 1517 1579 omnes,

174 1584 246 1638 qui
278 1586 321 1625 te
351 1583 545 1633 beatum,
579 1583 652 1636 qui
686 1584 730 1623 te
768 1582 992 1624 florentem
1023 1586 1151 1637 putas
1160 1616 1171 1638 ‚
1215 1587 1249 1624 te
1278 1586 1378 1625 tuae
1410 1583 1516 1625 lubi·
1537 1595 1569 1620 2⁵

174 1642 293 1684 dines
332 1644 553 1697 torquent,
596 1644 644 1682 tu
682 1641 771 1682 dies
809 1644 1041 1696 noctesque
1079 1641 1300 1697 cruciaris,
1337 1641 1404 1684 eui
1440 1656 1518 1684 nec

174 1705 242 1742 sat
274 1703 358 1754 est,
390 1701 504 1755 quod
536 1703 620 1754 est,
658 1703 701 1741 et
731 1700 775 1741 id
805 1701 948 1755 ipsum
978 1715 1031 1742 ne
1063 1715 1151 1743 non
1182 1701 1428 1742 diuturnum
1460 1701 1519 1742 sit

172 1761 384 1813 futurum,
428 1760 573 1813 times,
619 1762 663 1800 te
701 1759 988 1801 conscientiae
1026 1759 1253 1801 stimulant
1290 1760 1518 1801 maleficio—

173 1834 269 1860 rum
307 1822 499 1873 tuorum,
542 1821 585 1859 te
629 1820 769 1859 metus
813 1818 1060 1860 exanimant
1096 1818 1349 1860 iudiciorum
1388 1822 1518 1873 atque

174 1878 338 1933 legum,
376 1891 643 1932 quocumque
677 1877 930 1932 adspexisti,
967 1880 1016 1919 ut
1046 1877 1183 1919 furiae
1215 1877 1275 1919 sic
1307 1880 1406 1919 tuae
1436 1877 1518 1918 tibi
1539 1889 1573 1914 so

176 1939 404 1978 occurrunt
423 1935 617 1990 iniuriae,
649 1950 757 1991 quae
777 1939 820 1977 te
847 1936 1063 1991 suspirare
1089 1936 1222 1978 libere
1247 1951 1334 1977 non
1360 1936 1519 1978 sinunt.

175 1995 312 2044 Quam
344 1995 399 2036 ob
432 2010 540 2048 rem,
581 1997 629 2036 ut
665 1995 850 2050 inprobo
883 1997 925 2036 et
957 1995 1092 2036 stulto
1125 1998 1168 2036 et
1197 1995 1328 2036 inerti
1358 1995 1519 2037 nemini

173 2055 281 2096 bene
320 2068 411 2095 esse
449 2057 611 2108 potest,
650 2053 711 2095 sie
747 2054 885 2095 bonus
919 2054 984 2095 vir
1021 2056 1064 2095 et
1102 2053 1272 2109 sapiens
1311 2056 1354 2095 et
1390 2053 1517 2096 fortis

174 2114 304 2155 miser
328 2127 420 2154 esse
445 2128 570 2155 nemo
591 2115 748 2168 potest.
784 2112 874 2154 Neo
893 2127 1006 2166 vero⁷
1033 2112 1185 2167 quoius
1205 2112 1341 2154 virtus
1363 2127 1520 2155 mores-

175 2187 256 2227 que
288 2171 492 2213 laudandi
523 2174 637 2226 sunt,
669 2172 758 2213 eius
790 2186 878 2213 non
908 2171 1122 2213 laudanda
1153 2171 1244 2212 vita
1273 2174 1350 2226 est,
1382 2186 1519 2226 neque
1539 2182 1572 2208 ³⁵
1615 2215 1621 2220 ,

174 2245 303 2286 porro
348 2231 552 2286 fugienda
595 2231 686 2272 vita
730 2233 814 2285 est,
864 2244 972 2285 quae
1016 2230 1231 2272 laudanda
1273 2233 1358 2285 est3
1407 2233 1520 2272 esset

176 2292 319 2331 autem
350 2289 567 2345 fugienda,
599 2290 635 2331 si
668 2292 780 2331 esset
811 2289 978 2330 misera.
1028 2288 1164 2337 Quam
1192 2289 1246 2331 ob
1272 2304 1376 2343 rem,
1408 2290 1520 2344 quie-

1643 2322 1646 2331 ι

1643 2335 1646 2353 1
