1673 2505
406 101 704 138 ORATIONUM.
732 105 774 140 A.
800 103 887 138 XIII
914 104 1104 139 33—X1V
1131 110 1161 139 2.
1366 107 1448 147 277

108 211 216 254 xime
239 211 441 260 meritum,
466 211 575 262 quod
591 212 881 253 restitutionem
902 225 1000 254 suae
1017 212 1230 264 diqnitatis
1248 213 1300 254 ab
1319 216 1450 255 eodem

110 269 270 311 tribuno
299 268 430 321 plebis
465 270 704 310 meminerat
745 271 952 320 adiutam;
998 274 1149 323 quanto
1186 274 1320 313 autem
1360 274 1450 314 odio

107 327 294 369 habuerit
322 326 370 368 P.
401 325 609 379 Clodium,
642 329 729 369 iam
760 333 1003 382 compertum
1034 332 1092 370 est
1121 343 1168 370 ex
1199 331 1451 372 orationibus

108 387 221 428 illius
237 386 446 439 plurimis,
475 386 618 438 quibus
643 387 728 428 eius
752 389 879 429 vitam
903 401 1106 441 moresque
1130 388 1335 430 dilacerat.
1379 390 1451 431 Esc

73 456 89 481 5
108 445 240 498 iurqio
270 445 421 497 itaque,
459 446 567 497 quod
596 445 701 486 inter
730 459 770 487 se
800 451 1024 498 moverant,
1063 448 1192 488 oratio
1228 449 1310 489 ista
1347 461 1449 490 com-

101 504 237 557 posita
255 506 322 553 est,
347 504 462 544 cuius
488 504 765 556 inscriptionis
791 506 965 555 titulum,
985 506 1230 558 priusquam
1256 520 1449 548 commen-

108 562 190 604 tari
219 563 448 616 adqrediar,
480 562 786 615 explanandum
808 567 911 616 puto
943 578 1025 606 non
1055 564 1106 605 ab
1136 578 1180 606 re
1210 566 1450 607 existimans

103 621 294 673 futurum
326 621 545 670 lectoribus,
576 621 614 663 si
643 622 842 663 orationis
873 624 1038 664 titulum
1068 636 1151 664 non
1182 624 1335 665 indocte
1355 638 1449 677 per-

105 680 327 733 spexerint;
359 680 506 732 quippe
530 680 768 722 inscribitur
793 697 1072 723 INTERROGATIO
1100 699 1153 723 DE
1181 699 1283 724 AERE
1308 700 1450 726 ΑιῙΕΝο

58 749 88 774 10
110 754 275 780 uaozvls.
319 737 661 792 Interroqationis
685 742 819 780 autem
849 752 931 780 non
961 753 1048 780 una
1078 741 1224 793 species
1255 746 1352 795 erat,
1382 743 1452 784 sed

105 798 260 850 variae,
298 800 343 838 ut
378 797 464 838 alia
501 798 750 851 siqnificaret
785 798 1054 839 accusationis
1091 800 1448 851 denuntiationem,

105 856 240 909 qualis
277 856 351 897 illa
384 857 650 910 praescriptio
690 860 748 899 est
790 857 988 898 orationis
1029 858 1131 910 eius,
1175 872 1256 910 qua
1299 873 1450 902 usurus

103 915 199 967 suit,
240 915 277 956 si
313 928 404 956 eum
442 914 489 956 P.
529 914 700 957 Clodius
737 916 886 968 leqibus
923 917 1215 969 interroqasset.
1276 918 1449 972 Leqibus

105 973 215 1015 enim
245 974 303 1015 sic
333 974 659 1027 interroqabatur
689 975 915 1027 inquirente
945 978 1191 1025 accusatore,
1223 990 1279 1017 an
1311 979 1450 1018 omnia

56 1042 86 1068 15
105 1033 324 1074 secundum
356 1033 486 1085 lequm
513 1034 767 1086 praescripta
787 1034 953 1086 qesserit
976 1034 1023 1083 is,
1054 1035 1120 1075 cui
1144 1035 1296 1076 crimen
1320 1037 1448 1077 inten-

105 1091 283 1133 debatur.
343 1091 455 1132 Erat
483 1092 572 1133 alia
594 1096 808 1144 praeterea
838 1093 1099 1145 interroqatio
1131 1094 1309 1144 testium,
1347 1095 1452 1136 sicut

105 1151 190 1204 ipse
221 1150 283 1192 M.
318 1150 480 1192 Tullius
511 1150 558 1191 P.
599 1150 811 1192 Vatinium
849 1154 981 1193 testem
1013 1152 1285 1205 interrogavit.
1347 1153 1448 1194 Pro-

100 1209 192 1262 prie
221 1222 396 1261 namque
428 1210 688 1263 interr·09atio
719 1209 941 1260 dicebatur,
978 1224 1061 1263 qua
1093 1214 1204 1252 testes
1235 1212 1448 1265 redarque—

106 1268 267 1309 bantur.
331 1268 471 1309 Tertia
501 1268 596 1309 haec
625 1272 682 1310 est
711 1269 990 1322 interroqandi
1026 1270 1190 1322 species,
1226 1273 1273 1311 ut
1301 1270 1449 1313 Sinnio

54 1336 88 1362 ²0
108 1325 300 1380 Capitoni
329 1327 497 1377 videtur,
522 1328 731 1379 pertinens
761 1328 817 1369 ad
845 1328 1027 1380 officium
1058 1331 1095 1369 et
1124 1331 1449 1371 consuetudinem

105 1386 363 1428 senatoriam.
405 1385 575 1437 Quando
599 1387 708 1427 enim
732 1386 885 1439 aliquis
909 1388 1147 1428 sententiam
1174 1388 1254 1428 loco
1272 1402 1344 1430 suo
1365 1390 1450 1430 iam

106 1445 267 1486 dixerat
301 1447 339 1485 et
374 1445 484 1486 alius
512 1448 655 1497 postea
691 1445 965 1498 interroqatus
1000 1447 1200 1498 quaedam
1240 1447 1450 1489 videbatur

105 1504 166 1544 ita
196 1503 360 1553 locutus,
391 1507 438 1544 ut
466 1504 642 1555 refutari
661 1517 777 1556 posse
801 1504 1020 1546 iustissime
1043 1505 1284 1558 viderentur,
1308 1510 1449 1559 postu-

108 1562 219 1604 labat
248 1562 328 1612 ille,
359 1563 431 1615 qui
460 1563 546 1603 iam
576 1563 815 1604 sententiam
846 1563 1017 1614 dixerat,
1048 1567 1094 1604 ut
1123 1564 1201 1605 sibi
1233 1564 1365 1606 liceret
1390 1566 1450 1606 in-

55 1630 88 1657 25
108 1624 326 1674 terroqare,
368 1621 441 1662 lioe
476 1624 533 1663 est
567 1621 686 1662 illum
721 1622 978 1675 redarquere,
1021 1622 1137 1663 cuius
1171 1625 1369 1664 sententia
1406 1625 1451 1665 in

106 1680 247 1721 multis
266 1680 384 1732 quasi
403 1681 578 1721 mendax
597 1683 635 1721 et
657 1680 910 1722 calumniosa
934 1681 1128 1734 redarqui
1139 1686 1282 1734 posset.
1316 1682 1449 1734 Quon-

107 1739 193 1779 iam
218 1752 308 1791 erqo
334 1739 496 1780 dixerat
522 1737 691 1781 Clodius
716 1743 753 1780 et
781 1740 921 1781 minus
938 1740 1167 1792 professum
1192 1741 1300 1783 aeris
1325 1742 1451 1783 alieni

107 1797 309 1839 Milonem
332 1830 339 1837 .
360 1829 369 1838 .
390 1830 398 1838 .
420 1830 427 1838 .

578 1865 827 1911 [ENARRA
833 1866 961 1912 Tzo]

57 1924 91 1950 ³0
202 1915 238 1956 1.
270 1914 534 1956 Adversarii.

255 1973 379 2015 Nunc
408 1975 465 2015 ad
492 1974 610 2015 aliud
640 1975 806 2024 transit,
843 1989 900 2016 an
938 1975 1099 2028 aliquid
1127 1975 1235 2017 Milo
1259 1989 1336 2028 per
1366 1976 1450 2017 vim

164 2032 296 2083 facere
331 2036 503 2074 conetur.
564 2033 624 2074 Et
659 2033 730 2075 lzoc
764 2034 953 2075 similiter
988 2034 1198 2086 refutavit,
1235 2037 1282 2075 ut
1319 2035 1453 2076 omnis

166 2091 247 2133 ista
276 2092 451 2144 suspicio
480 2095 518 2133 et
548 2092 706 2133 invidia
736 2093 781 2133 iu
814 2091 1006 2134 Clodium
1036 2096 1324 2145 retorqueatur.
1380 2093 1452 2134 Ita

0 2191 3 2197 ,
165 2151 274 2191 enim
304 2154 546 2204 arqumenta
576 2154 803 2204 excurrerit,
839 2151 983 2204 quibus
1013 2155 1051 2192 et
1083 2151 1281 2193 Milonem
1304 2155 1455 2206 purqet

0 2203 3 2209 ‘
56 2217 89 2243 ³5
166 2212 204 2250 et
232 2210 514 2251 adversarium
536 2213 790 2263 praeqravet.

1 2262 4 2269 ’
196 2268 236 2308 2.
266 2267 500 2309 Eiciundus
533 2270 598 2309 est
630 2283 680 2309 ex
711 2269 816 2309 urbe
849 2268 952 2310 civis
986 2271 1134 2311 auctor
1167 2268 1339 2322 salutis,

258 2325 546 2380 Copiosissima
577 2331 615 2368 et
643 2327 846 2369 vehemens
877 2329 1083 2383 exsecutio,
1116 2332 1164 2370 ut
1192 2342 1320 2381 supra
1351 2328 1453 2382 dixi,
