1673 2505
415 93 694 130 PHILOSOPH.
720 94 759 131 F.
786 94 836 129 IX
862 95 999 130 17—X
1023 100 1055 131 4.
1319 97 1404 139 339

159 203 197 245 3.
228 202 398 244 Bo'e'tius
435 203 481 243 de
516 202 610 244 inst.
646 215 748 244 mus.
779 202 812 244 Ι
836 206 862 244 1
885 216 930 255 p.
960 204 1043 244 184
1056 215 1112 255 sq.
1142 203 1296 245 Friedl.
1328 203 1407 246 Oui

71 262 179 304 enim
214 264 273 302 est
305 260 411 302 illud
443 261 643 315 iynotum,
685 261 792 313 quod
826 260 1080 314 Pythagoras
1115 261 1269 303 ebrium
1305 263 1406 303 adu-

72 321 274 362 lescentem
307 319 698 361 Tauromenitanum
727 319 963 373 subphryyii
996 320 1105 361 modi
1134 333 1231 362 sono
1261 321 1405 362 incita—

72 382 156 420 tum
191 378 362 431 spondeo
397 378 620 420 succinente
655 379 874 420 reddiderit
908 379 1109 420 mitiorem
1146 382 1184 420 et
1211 380 1276 420 sui
1306 392 1406 420 com-

35 452 52 478 5
63 436 226 491 potem?
270 436 383 478 Nam
409 450 499 477 cum
523 440 697 478 scortum
721 438 768 478 in
791 437 936 478 rivalis
962 438 1078 479 domo
1103 440 1200 479 esset
1224 438 1407 479 clausum

69 499 187 548 atque
216 495 285 537 ille
312 495 455 546 furens
485 496 648 537 domum
678 496 789 538 vellet
815 496 1036 549 amburere,
1065 509 1230 550 cumque
1254 496 1406 550 Pytha-

65 568 188 608 yoras
219 554 430 596 stellarum
461 567 616 607 cursus,
652 558 699 595 ut
728 555 765 596 ei
795 568 897 609 mos,
932 558 1155 597 nocturnus
1183 556 1407 609 inspiceret,

68 613 138 655 ubi
173 613 370 654 intellexit
404 626 499 655 sono
529 612 705 667 Pliryyii
740 614 850 655 modi
883 614 1098 655 incitatum
1135 614 1275 656 multis
1305 615 1407 655 ami-

71 685 208 714 corum
238 672 528 713 monitionibus
559 685 585 712 a
607 673 791 724 facinore
820 672 998 714 noluisse
1027 673 1222 727 desistere,
1253 673 1408 714 mutari

20 745 52 771 ιο
70 732 234 772 modum
259 731 464 784 praecepit
493 734 610 783 atque
640 732 700 772 ita
727 732 903 783 furentis
926 732 1114 773 animum
1143 732 1407 774 adulescentis

70 791 126 832 ad
154 793 307 831 statum
336 790 482 831 mentis
503 790 796 843 pacatissimae
832 791 1084 843 temperavit,·
1122 792 1229 843 quod
1261 791 1410 833 scilicet

69 849 132 890 M.
166 848 327 890 Tullius
363 852 646 890 commemorat
681 850 726 890 in
764 863 806 891 eo
844 849 961 903 libro,
1000 863 1116 902 quem
1152 850 1199 891 de
1229 850 1408 891 consiliis

69 908 155 949 suis
185 908 415 960 composuit,
446 908 566 949 aliter
595 908 766 961 quidem,
796 909 866 950 sed
887 908 958 949 hoc
981 909 1119 949 modo:
1153 906 1234 949 Sed
1259 911 1307 949 ut
1334 908 1408 949 ali-

0 978 1 984 *
71 981 155 1021 qua
186 965 466 1007 similitudine
499 966 704 1008 adductus
737 966 934 1008 maximis
970 967 1147 1008 minima
1179 966 1408 1020 conferam,

17 1037 50 1064 15
70 1027 118 1066 ut
150 1040 245 1066 eum
283 1024 492 1066 vinolenti
530 1025 821 1067 adulescentes
860 1025 1064 1067 tibiarum
1103 1026 1234 1067 etiam
1268 1028 1408 1078 cantu,

69 1086 117 1124 ut
149 1084 210 1137 fit,
241 1083 435 1125 instincti
466 1084 656 1125 mulieris
688 1084 866 1139 pudicae
897 1084 1010 1126 fores
1042 1084 1304 1140 frangerent,
1340 1085 1408 1126 ad—

70 1142 286 1184 monuisse
317 1142 550 1196 tibicinam,
582 1145 631 1183 ut
660 1143 894 1198 spondeum
921 1145 1104 1197 caneret,
1134 1143 1406 1199 Pythagoras

70 1201 236 1243 dicitur.
297 1199 418 1250 Quod
456 1213 550 1242 cum
587 1201 664 1243 illa
703 1201 892 1254 fecisset,
934 1201 1141 1243 tarditate
1183 1202 1408 1243 modorum

71 1263 113 1302 et
157 1260 373 1316 gravitate
416 1260 607 1302 canentis
650 1260 824 1302 illorum
866 1260 1079 1302 furentem
1124 1261 1408 1316 petulantiam

17 1331 52 1357 20
71 1319 324 1361 consedisse.
359 1343 407 1349 —
442 1319 661 1373 Augustin.
692 1333 723 1361 c.
753 1319 910 1361 Iulian.
941 1319 1026 1361 Pel.
1066 1320 1106 1362 V
1129 1322 1166 1362 5.
1196 1323 1255 1362 23
1287 1320 1334 1362 Τ.
1365 1320 1412 1362 X

63 1392 106 1432 p.
137 1381 226 1420 422
255 1378 302 1420 F
326 1378 431 1420 Ben.
463 1392 500 1420 a.
532 1382 642 1420 1700
672 1379 859 1421 Erexisti
888 1379 973 1420 eius
1004 1378 1316 1432 (pulcherrimae
1342 1379 1415 1432 fa-

69 1437 223 1490 mulae)
263 1461 313 1467 -
349 1438 687 1491 yloriosissimum
725 1438 889 1479 titulum
929 1451 1263 1492 commemorans,
1303 1438 1412 1491 quod

68 1497 115 1537 in
145 1496 389 1549 expositione
426 1497 686 1538 consiliorum
721 1510 889 1538 suorum
922 1497 1083 1538 Tullius
1106 1498 1262 1550 posuit,
1299 1498 1409 1551 quia,

71 1569 165 1596 cum
186 1554 394 1596 vinolenti
414 1555 705 1597 adulescentes
727 1579 782 1584 —
796 1580 852 1585 —
874 1555 1089 1610 gravitate
1114 1558 1265 1597 cantus
1290 1558 1409 1611 petu-

16 1624 51 1651 25
70 1613 251 1655 lantiam
290 1614 508 1655 resedisse.
550 1638 597 1643 —
647 1615 824 1656 Vincent.
861 1614 1015 1656 Bellov.
1052 1614 1162 1668 Spec.
1199 1614 1290 1656 hist.
1327 1614 1411 1656 III

69 1676 127 1715 24
165 1687 222 1714 ex.
264 1672 309 1714 T.
340 1673 411 1714 IV
438 1687 483 1726 p.
520 1675 575 1715 95
610 1674 667 1715 ed.
704 1673 837 1715 Duae.
873 1676 987 1715 1624
1026 1674 1188 1715 Tullius
1226 1673 1327 1715 libro
1364 1674 1411 1715 de

69 1732 271 1773 consiliis:
318 1732 711 1774 Tauromenitanum
748 1733 928 1774 iuvenem
966 1732 1132 1774 libidine
1167 1732 1410 1785 flayrantem

70 1804 160 1832 cum
196 1791 376 1833 audisset
411 1790 667 1845 Pytliayoras
709 1792 766 1833 ad
805 1792 952 1833 ostium
994 1792 1150 1833 amicae
1191 1792 1411 1833 meretricis

69 1851 265 1900 insanire,
297 1850 417 1892 iussit
432 1851 634 1903 psalteria
658 1852 740 1892 tria
764 1864 905 1892 canere
926 1864 1005 1903 per
1034 1850 1254 1904 spondeum
1285 1854 1322 1892 et
1350 1851 1411 1892 ita

36 1919 52 1945 0
71 1923 161 1950 eum
191 1910 248 1950 ad
275 1922 423 1950 sanam
453 1913 624 1951 mentem
654 1911 862 1952 revocavit.

158 1969 196 2009 4.
235 1967 399 2011 Charis.
436 1968 470 2009 I
496 1982 539 2021 p.
569 1971 663 2010 146.
694 1972 748 2010 31
784 1969 840 2010 K.
879 1967 1235 2022 ‘Vectiyauorum'
1275 1967 1410 2011 Cicero

69 2028 127 2069 ad
145 2027 353 2078 Atticum;
385 2030 430 2068 at
452 2029 559 2069 enim
585 2029 630 2069 in
653 2029 812 2069 ratione
842 2028 1103 2069 consiliorum
1133 2041 1312 2080 suorum,
1343 2029 1413 2070 sed

69 2089 106 2127 et
140 2087 187 2128 de
225 2087 304 2140 leqe
342 2087 512 2140 ayraria
556 2086 843 2142 vectigalium.
905 2086 983 2140 (V.
1020 2099 1148 2140 supra
1184 2086 1230 2127 E
1262 2086 1410 2140 XVI.)

157 2145 229 2187 Ad
250 2145 356 2187 hunc
382 2146 531 2187 librum
555 2146 675 2187 multi
697 2146 880 2198 referunt
901 2146 1035 2199 etiam,
1066 2159 1168 2198 quae
1193 2142 1410 2187 ἀνέκδοτα

27 2214 51 2240 ⁵5
69 2205 262 2246 dicuntur
291 2206 348 2246 ad
374 2204 461 2246 Att.
491 2204 552 2246 II
578 2208 616 2247 6.
646 2207 688 2257 2,
721 2208 759 2246 et
788 2205 936 2246 librum
966 2200 1209 2247 ἀνέκδοτον
1239 2205 1297 2247 ad
1323 2204 1409 2247 Att.

1126 2390 1197 2425 οἳ*
