<?xml version="1.0" encoding="UTF-8"?>
<!DOCTYPE html PUBLIC "-//W3C//DTD XHTML 1.0 Transitional//EN"
    "http://www.w3.org/TR/xhtml1/DTD/xhtml1-transitional.dtd">
<html xmlns="http://www.w3.org/1999/xhtml" xml:lang="en" lang="en">
 <head>
  <title>
</title>
<meta http-equiv="Content-Type" content="text/html;charset=utf-8" />
  <meta name='ocr-system' content='tesseract 3.04.00' />
  <meta name='ocr-capabilities' content='ocr_page ocr_carea ocr_par ocr_line ocrx_word'/>
</head>
<body>
  <div class='ocr_page' id='page_1' title='image "./p3scriptaquaemanse04ciceuoft_0253.png"; bbox 0 0 1663 2490; ppageno 0'>
   <div class='ocr_carea' id='block_1_1' title="bbox 535 75 1460 118">
    <p class='ocr_par' dir='ltr' id='par_1_1' title="bbox 535 75 1460 118">
     <span class='ocr_line' id='line_1_1' title="bbox 535 75 1460 118; baseline 0.005 -8"><span class='ocrx_word' id='word_1_1' title='bbox 535 75 634 112; x_wconf 87' lang='lat' dir='ltr'>cAP.</span> <span class='ocrx_word' id='word_1_2' title='bbox 665 79 805 111; x_wconf 80' lang='lat'>17—19.</span> <span class='ocrx_word' id='word_1_3' title='bbox 858 79 878 118; x_wconf 66' lang='grc' dir='ltr'><strong>ς</strong></span> <span class='ocrx_word' id='word_1_4' title='bbox 905 80 1054 111; x_wconf 81' lang='lat'>64—70.</span> <span class='ocrx_word' id='word_1_5' title='bbox 1378 75 1460 115; x_wconf 81' lang='lat'>185</span> 
     </span>
    </p>
   </div>
   <div class='ocr_carea' id='block_1_2' title="bbox 66 182 1467 2356">
    <p class='ocr_par' dir='ltr' id='par_1_2' title="bbox 121 182 1460 414">
     <span class='ocr_line' id='line_1_2' title="bbox 211 182 1458 237; baseline -0.001 -13"><span class='ocrx_word' id='word_1_6' title='bbox 211 182 372 224; x_wconf 81' lang='lat' dir='ltr'>Existit</span> <span class='ocrx_word' id='word_1_7' title='bbox 403 185 546 224; x_wconf 88' lang='lat' dir='ltr'>autem</span> <span class='ocrx_word' id='word_1_8' title='bbox 578 183 658 224; x_wconf 89' lang='lat' dir='ltr'>hoc</span> <span class='ocrx_word' id='word_1_9' title='bbox 691 184 784 225; x_wconf 92' lang='lat' dir='ltr'>loco</span> <span class='ocrx_word' id='word_1_10' title='bbox 821 183 1029 237; x_wconf 82' lang='lat' dir='ltr'>quaedam</span> <span class='ocrx_word' id='word_1_11' title='bbox 1069 183 1263 236; x_wconf 81' lang='lat' dir='ltr'>quaestio</span> <span class='ocrx_word' id='word_1_12' title='bbox 1303 182 1458 223; x_wconf 80' lang='lat' dir='ltr'>subdif-</span> 
     </span>
     <span class='ocr_line' id='line_1_3' title="bbox 124 241 1460 297; baseline -0.002 -13"><span class='ocrx_word' id='word_1_13' title='bbox 124 243 259 295; x_wconf 86' lang='lat' dir='ltr'>ficilis,</span> <span class='ocrx_word' id='word_1_14' title='bbox 289 256 391 282; x_wconf 90' lang='lat' dir='ltr'>num</span> <span class='ocrx_word' id='word_1_15' title='bbox 425 241 593 295; x_wconf 89' lang='lat' dir='ltr'>quando</span> <span class='ocrx_word' id='word_1_16' title='bbox 627 242 752 284; x_wconf 89' lang='lat' dir='ltr'>amici</span> <span class='ocrx_word' id='word_1_17' title='bbox 783 242 895 295; x_wconf 87' lang='lat' dir='ltr'>novi,</span> <span class='ocrx_word' id='word_1_18' title='bbox 928 241 1045 297; x_wconf 84' lang='lat' dir='ltr'>digni</span> <span class='ocrx_word' id='word_1_19' title='bbox 1077 242 1279 294; x_wconf 84' lang='lat' dir='ltr'>amicitia,</span> <span class='ocrx_word' id='word_1_20' title='bbox 1310 244 1460 282; x_wconf 83' lang='lat' dir='ltr'>veteri-</span> 
     </span>
     <span class='ocr_line' id='line_1_4' title="bbox 124 299 1459 354; baseline -0.001 -12"><span class='ocrx_word' id='word_1_21' title='bbox 124 303 202 342; x_wconf 86' lang='lat' dir='ltr'>bus</span> <span class='ocrx_word' id='word_1_22' title='bbox 234 300 321 341; x_wconf 86' lang='lat' dir='ltr'>sint</span> <span class='ocrx_word' id='word_1_23' title='bbox 353 300 658 354; x_wconf 76' lang='lat' dir='ltr'>anteponendi,</span> <span class='ocrx_word' id='word_1_24' title='bbox 696 304 744 341; x_wconf 86' lang='lat' dir='ltr'>ut</span> <span class='ocrx_word' id='word_1_25' title='bbox 782 301 902 354; x_wconf 86' lang='lat' dir='ltr'>equis</span> <span class='ocrx_word' id='word_1_26' title='bbox 940 299 1095 341; x_wconf 86' lang='lat' dir='ltr'>vetulis</span> <span class='ocrx_word' id='word_1_27' title='bbox 1137 304 1306 341; x_wconf 89' lang='lat' dir='ltr'>teneros</span> <span class='ocrx_word' id='word_1_28' title='bbox 1346 302 1459 340; x_wconf 88' lang='lat' dir='ltr'>ante-</span> 
     </span>
     <span class='ocr_line' id='line_1_5' title="bbox 121 357 1459 414; baseline -0.001 -14"><span class='ocrx_word' id='word_1_29' title='bbox 121 373 278 414; x_wconf 89' lang='lat' dir='ltr'>ponere</span> <span class='ocrx_word' id='word_1_30' title='bbox 310 359 509 400; x_wconf 87' lang='lat' dir='ltr'>solemus.</span> <span class='ocrx_word' id='word_1_31' title='bbox 552 358 735 414; x_wconf 84' lang='lat' dir='ltr'>Indigna</span> <span class='ocrx_word' id='word_1_32' title='bbox 763 359 935 400; x_wconf 88' lang='lat' dir='ltr'>homine</span> <span class='ocrx_word' id='word_1_33' title='bbox 961 359 1190 400; x_wconf 86' lang='lat' dir='ltr'>dubitatio!</span> <span class='ocrx_word' id='word_1_34' title='bbox 1223 357 1322 399; x_wconf 90' lang='lat' dir='ltr'>Non</span> <span class='ocrx_word' id='word_1_35' title='bbox 1349 359 1459 398; x_wconf 89' lang='lat' dir='ltr'>enim</span> 
     </span>
    </p>

    <p class='ocr_par' dir='ltr' id='par_1_3' title="bbox 87 417 1461 707">
     <span class='ocr_line' id='line_1_6' title="bbox 87 417 1461 459; baseline 0.001 -3"><span class='ocrx_word' id='word_1_36' title='bbox 87 432 101 456; x_wconf 79' lang='lat'>5</span> <span class='ocrx_word' id='word_1_37' title='bbox 123 418 278 459; x_wconf 88' lang='lat' dir='ltr'>debent</span> <span class='ocrx_word' id='word_1_38' title='bbox 310 431 402 458; x_wconf 88' lang='lat' dir='ltr'>esse</span> <span class='ocrx_word' id='word_1_39' title='bbox 435 417 722 459; x_wconf 81' lang='lat' dir='ltr'>amicitiarum</span> <span class='ocrx_word' id='word_1_40' title='bbox 755 419 865 459; x_wconf 87' lang='lat' dir='ltr'>sicut</span> <span class='ocrx_word' id='word_1_41' title='bbox 897 418 1080 459; x_wconf 89' lang='lat' dir='ltr'>aliarum</span> <span class='ocrx_word' id='word_1_42' title='bbox 1116 432 1257 458; x_wconf 88' lang='lat' dir='ltr'>rerum</span> <span class='ocrx_word' id='word_1_43' title='bbox 1290 417 1461 458; x_wconf 88' lang='lat' dir='ltr'>satieta-</span> 
     </span>
     <span class='ocr_line' id='line_1_7' title="bbox 121 476 1460 530; baseline -0.002 -12"><span class='ocrx_word' id='word_1_44' title='bbox 121 480 208 530; x_wconf 84' lang='lat' dir='ltr'>tes3</span> <span class='ocrx_word' id='word_1_45' title='bbox 238 476 469 518; x_wconf 87' lang='lat' dir='ltr'>veterrima</span> <span class='ocrx_word' id='word_1_46' title='bbox 501 491 710 530; x_wconf 91' lang='lat' dir='ltr'>quaeque,</span> <span class='ocrx_word' id='word_1_47' title='bbox 748 480 796 517; x_wconf 91' lang='lat' dir='ltr'>ut</span> <span class='ocrx_word' id='word_1_48' title='bbox 829 491 879 518; x_wconf 92' lang='lat' dir='ltr'>ea</span> <span class='ocrx_word' id='word_1_49' title='bbox 910 477 1028 530; x_wconf 86' lang='lat' dir='ltr'>vina,</span> <span class='ocrx_word' id='word_1_50' title='bbox 1060 490 1167 530; x_wconf 91' lang='lat' dir='ltr'>quae</span> <span class='ocrx_word' id='word_1_51' title='bbox 1199 478 1460 518; x_wconf 86' lang='lat' dir='ltr'>vetustatem</span> 
     </span>
     <span class='ocr_line' id='line_1_8' title="bbox 120 534 1460 589; baseline -0.001 -13"><span class='ocrx_word' id='word_1_52' title='bbox 120 535 282 589; x_wconf 85' lang='lat' dir='ltr'>ferunt,</span> <span class='ocrx_word' id='word_1_53' title='bbox 326 549 418 576; x_wconf 90' lang='lat' dir='ltr'>esse</span> <span class='ocrx_word' id='word_1_54' title='bbox 463 535 589 576; x_wconf 88' lang='lat' dir='ltr'>debet</span> <span class='ocrx_word' id='word_1_55' title='bbox 633 535 905 588; x_wconf 84' lang='lat' dir='ltr'>suavissima3</span> <span class='ocrx_word' id='word_1_56' title='bbox 958 549 1189 589; x_wconf 90' lang='lat' dir='ltr'>verumque</span> <span class='ocrx_word' id='word_1_57' title='bbox 1231 534 1336 576; x_wconf 91' lang='lat' dir='ltr'>illud</span> <span class='ocrx_word' id='word_1_58' title='bbox 1384 537 1460 585; x_wconf 90' lang='lat' dir='ltr'>est,</span> 
     </span>
     <span class='ocr_line' id='line_1_9' title="bbox 121 593 1461 648; baseline -0.001 -13"><span class='ocrx_word' id='word_1_59' title='bbox 121 593 234 648; x_wconf 92' lang='lat' dir='ltr'>quod</span> <span class='ocrx_word' id='word_1_60' title='bbox 266 593 432 645; x_wconf 90' lang='lat' dir='ltr'>dicitur,</span> <span class='ocrx_word' id='word_1_61' title='bbox 463 594 622 635; x_wconf 86' lang='lat' dir='ltr'>multos</span> <span class='ocrx_word' id='word_1_62' title='bbox 657 594 820 635; x_wconf 88' lang='lat' dir='ltr'>modios</span> <span class='ocrx_word' id='word_1_63' title='bbox 854 594 957 635; x_wconf 86' lang='lat' dir='ltr'>salis</span> <span class='ocrx_word' id='word_1_64' title='bbox 991 594 1117 635; x_wconf 90' lang='lat' dir='ltr'>simul</span> <span class='ocrx_word' id='word_1_65' title='bbox 1146 593 1330 635; x_wconf 88' lang='lat' dir='ltr'>edendos</span> <span class='ocrx_word' id='word_1_66' title='bbox 1357 607 1461 644; x_wconf 89' lang='lat' dir='ltr'>esse,</span> 
     </span>
     <span class='ocr_line' id='line_1_10' title="bbox 121 652 1460 707; baseline -0.002 -13"><span class='ocrx_word' id='word_1_67' title='bbox 121 656 169 694; x_wconf 90' lang='lat' dir='ltr'>ut</span> <span class='ocrx_word' id='word_1_68' title='bbox 201 652 416 694; x_wconf 75' lang='lat' dir='ltr'>amicitiae</span> <span class='ocrx_word' id='word_1_69' title='bbox 449 667 602 694; x_wconf 89' lang='lat' dir='ltr'>munus</span> <span class='ocrx_word' id='word_1_70' title='bbox 635 654 851 707; x_wconf 81' lang='lat' dir='ltr'>expletum</span> <span class='ocrx_word' id='word_1_71' title='bbox 885 654 953 694; x_wconf 87' lang='lat' dir='ltr'>sit.</span> <span class='ocrx_word' id='word_1_72' title='bbox 997 652 1227 694; x_wconf 87' lang='lat' dir='ltr'>Novitates</span> <span class='ocrx_word' id='word_1_73' title='bbox 1254 654 1397 693; x_wconf 86' lang='lat' dir='ltr'>autem</span> <span class='ocrx_word' id='word_1_74' title='bbox 1426 652 1460 692; x_wconf 86' lang='lat' dir='ltr'>si</span> 
     </span>
    </p>

    <p class='ocr_par' dir='ltr' id='par_1_4' title="bbox 71 710 1462 825">
     <span class='ocr_line' id='line_1_11' title="bbox 71 710 1462 766; baseline 0 -15"><span class='ocrx_word' id='word_1_75' title='bbox 71 725 101 749; x_wconf 79' lang='grc' dir='ltr'>ιο</span> <span class='ocrx_word' id='word_1_76' title='bbox 122 726 242 766; x_wconf 90' lang='lat' dir='ltr'>spem</span> <span class='ocrx_word' id='word_1_77' title='bbox 275 711 491 765; x_wconf 88' lang='lat' dir='ltr'>adferunt,</span> <span class='ocrx_word' id='word_1_78' title='bbox 526 715 573 753; x_wconf 89' lang='lat' dir='ltr'>ut</span> <span class='ocrx_word' id='word_1_79' title='bbox 604 715 826 766; x_wconf 80' lang='lat' dir='ltr'>tamquam</span> <span class='ocrx_word' id='word_1_80' title='bbox 859 712 903 752; x_wconf 90' lang='lat' dir='ltr'>in</span> <span class='ocrx_word' id='word_1_81' title='bbox 934 711 1079 752; x_wconf 87' lang='lat' dir='ltr'>herbis</span> <span class='ocrx_word' id='word_1_82' title='bbox 1113 725 1199 753; x_wconf 90' lang='lat' dir='ltr'>non</span> <span class='ocrx_word' id='word_1_83' title='bbox 1233 710 1462 752; x_wconf 84' lang='lat' dir='ltr'>fallacibus</span> 
     </span>
     <span class='ocr_line' id='line_1_12' title="bbox 120 769 1462 825; baseline -0.001 -13"><span class='ocrx_word' id='word_1_84' title='bbox 120 770 285 812; x_wconf 84' lang='lat' dir='ltr'>fructus</span> <span class='ocrx_word' id='word_1_85' title='bbox 319 773 543 825; x_wconf 86' lang='lat' dir='ltr'>appareat,</span> <span class='ocrx_word' id='word_1_86' title='bbox 575 785 661 812; x_wconf 92' lang='lat' dir='ltr'>non</span> <span class='ocrx_word' id='word_1_87' title='bbox 694 774 792 811; x_wconf 84' lang='lat' dir='ltr'>sunt</span> <span class='ocrx_word' id='word_1_88' title='bbox 824 771 926 811; x_wconf 89' lang='lat' dir='ltr'>illae</span> <span class='ocrx_word' id='word_1_89' title='bbox 959 770 1129 824; x_wconf 90' lang='lat' dir='ltr'>quidem</span> <span class='ocrx_word' id='word_1_90' title='bbox 1162 769 1462 824; x_wconf 84' lang='lat' dir='ltr'>repudiandae,</span> 
     </span>
    </p>

    <p class='ocr_par' dir='ltr' id='par_1_5' title="bbox 69 829 1464 1000">
     <span class='ocr_line' id='line_1_13' title="bbox 69 829 1464 881; baseline -0.001 -11"><span class='ocrx_word' id='word_1_91' title='bbox 69 840 73 843; x_wconf 86' lang='lat'>&#39;</span> <span class='ocrx_word' id='word_1_92' title='bbox 121 832 315 871; x_wconf 84' lang='lat' dir='ltr'>vetustas</span> <span class='ocrx_word' id='word_1_93' title='bbox 359 832 504 870; x_wconf 88' lang='lat' dir='ltr'>tamen</span> <span class='ocrx_word' id='word_1_94' title='bbox 549 844 625 870; x_wconf 87' lang='lat' dir='ltr'>suo</span> <span class='ocrx_word' id='word_1_95' title='bbox 670 830 764 871; x_wconf 93' lang='lat' dir='ltr'>loco</span> <span class='ocrx_word' id='word_1_96' title='bbox 808 829 1116 881; x_wconf 80' lang='lat' dir='ltr'>conservanda3</span> <span class='ocrx_word' id='word_1_97' title='bbox 1167 829 1354 869; x_wconf 85' lang='lat' dir='ltr'>maxima</span> <span class='ocrx_word' id='word_1_98' title='bbox 1398 831 1464 869; x_wconf 85' lang='lat' dir='ltr'>est</span> 
     </span>
     <span class='ocr_line' id='line_1_14' title="bbox 123 886 1464 942; baseline -0.001 -13"><span class='ocrx_word' id='word_1_99' title='bbox 123 889 237 929; x_wconf 90' lang='lat' dir='ltr'>enim</span> <span class='ocrx_word' id='word_1_100' title='bbox 268 888 333 929; x_wconf 83' lang='lat' dir='ltr'>vis</span> <span class='ocrx_word' id='word_1_101' title='bbox 366 888 596 929; x_wconf 87' lang='lat' dir='ltr'>vetustatis</span> <span class='ocrx_word' id='word_1_102' title='bbox 630 891 672 929; x_wconf 87' lang='lat' dir='ltr'>et</span> <span class='ocrx_word' id='word_1_103' title='bbox 701 888 1033 930; x_wconf 84' lang='lat' dir='ltr'>consuetudinis.</span> <span class='ocrx_word' id='word_1_104' title='bbox 1085 886 1195 935; x_wconf 89' lang='lat' dir='ltr'>Quin</span> <span class='ocrx_word' id='word_1_105' title='bbox 1221 888 1315 942; x_wconf 90' lang='lat' dir='ltr'>ipso</span> <span class='ocrx_word' id='word_1_106' title='bbox 1343 901 1464 940; x_wconf 93' lang='lat' dir='ltr'>equo,</span> 
     </span>
     <span class='ocr_line' id='line_1_15' title="bbox 122 946 1463 1000; baseline -0.001 -12"><span class='ocrx_word' id='word_1_107' title='bbox 122 947 241 988; x_wconf 89' lang='lat' dir='ltr'>cuius</span> <span class='ocrx_word' id='word_1_108' title='bbox 285 946 411 988; x_wconf 93' lang='lat' dir='ltr'>modo</span> <span class='ocrx_word' id='word_1_109' title='bbox 449 947 530 988; x_wconf 87' lang='lat' dir='ltr'>feci</span> <span class='ocrx_word' id='word_1_110' title='bbox 575 947 854 999; x_wconf 87' lang='lat' dir='ltr'>mentionem,</span> <span class='ocrx_word' id='word_1_111' title='bbox 899 947 934 987; x_wconf 91' lang='lat' dir='ltr'>si</span> <span class='ocrx_word' id='word_1_112' title='bbox 978 946 1100 987; x_wconf 91' lang='lat' dir='ltr'>nulla</span> <span class='ocrx_word' id='word_1_113' title='bbox 1138 960 1204 986; x_wconf 93' lang='lat' dir='ltr'>res</span> <span class='ocrx_word' id='word_1_114' title='bbox 1244 946 1463 1000; x_wconf 89' lang='lat' dir='ltr'>impediat,</span> 
     </span>
    </p>

    <p class='ocr_par' dir='ltr' id='par_1_6' title="bbox 71 1005 1465 1294">
     <span class='ocr_line' id='line_1_16' title="bbox 71 1005 1464 1059; baseline -0.002 -12"><span class='ocrx_word' id='word_1_115' title='bbox 71 1018 101 1042; x_wconf 81' lang='lat'>15</span> <span class='ocrx_word' id='word_1_116' title='bbox 120 1020 246 1048; x_wconf 90' lang='lat' dir='ltr'>nemo</span> <span class='ocrx_word' id='word_1_117' title='bbox 285 1008 368 1058; x_wconf 85' lang='lat' dir='ltr'>est,</span> <span class='ocrx_word' id='word_1_118' title='bbox 413 1006 516 1059; x_wconf 88' lang='lat' dir='ltr'>quin</span> <span class='ocrx_word' id='word_1_119' title='bbox 554 1020 620 1058; x_wconf 91' lang='lat' dir='ltr'>eo,</span> <span class='ocrx_word' id='word_1_120' title='bbox 665 1020 748 1059; x_wconf 90' lang='lat' dir='ltr'>quo</span> <span class='ocrx_word' id='word_1_121' title='bbox 782 1006 1021 1058; x_wconf 87' lang='lat' dir='ltr'>consuevit,</span> <span class='ocrx_word' id='word_1_122' title='bbox 1066 1005 1271 1045; x_wconf 88' lang='lat' dir='ltr'>libentius</span> <span class='ocrx_word' id='word_1_123' title='bbox 1316 1008 1464 1045; x_wconf 86' lang='lat' dir='ltr'>utatur</span> 
     </span>
     <span class='ocr_line' id='line_1_17' title="bbox 123 1063 1465 1119; baseline -0.002 -13"><span class='ocrx_word' id='word_1_124' title='bbox 123 1079 250 1119; x_wconf 88' lang='lat' dir='ltr'>quam</span> <span class='ocrx_word' id='word_1_125' title='bbox 282 1064 516 1105; x_wconf 87' lang='lat' dir='ltr'>intractato</span> <span class='ocrx_word' id='word_1_126' title='bbox 550 1067 592 1105; x_wconf 88' lang='lat' dir='ltr'>et</span> <span class='ocrx_word' id='word_1_127' title='bbox 618 1079 741 1106; x_wconf 91' lang='lat' dir='ltr'>novo.</span> <span class='ocrx_word' id='word_1_128' title='bbox 789 1063 879 1105; x_wconf 85' lang='lat' dir='ltr'>Nec</span> <span class='ocrx_word' id='word_1_129' title='bbox 911 1078 1012 1105; x_wconf 88' lang='lat' dir='ltr'>vero</span> <span class='ocrx_word' id='word_1_130' title='bbox 1050 1064 1095 1104; x_wconf 90' lang='lat' dir='ltr'>in</span> <span class='ocrx_word' id='word_1_131' title='bbox 1132 1063 1231 1116; x_wconf 91' lang='lat' dir='ltr'>hoc,</span> <span class='ocrx_word' id='word_1_132' title='bbox 1260 1063 1373 1117; x_wconf 88' lang='lat' dir='ltr'>quod</span> <span class='ocrx_word' id='word_1_133' title='bbox 1399 1067 1465 1104; x_wconf 89' lang='lat' dir='ltr'>est</span> 
     </span>
     <span class='ocr_line' id='line_1_18' title="bbox 121 1122 1463 1177; baseline -0.001 -13"><span class='ocrx_word' id='word_1_134' title='bbox 121 1123 294 1175; x_wconf 85' lang='lat' dir='ltr'>animal,</span> <span class='ocrx_word' id='word_1_135' title='bbox 327 1122 401 1163; x_wconf 89' lang='lat' dir='ltr'>sed</span> <span class='ocrx_word' id='word_1_136' title='bbox 431 1123 476 1164; x_wconf 90' lang='lat' dir='ltr'>in</span> <span class='ocrx_word' id='word_1_137' title='bbox 507 1122 559 1163; x_wconf 87' lang='lat' dir='ltr'>iis</span> <span class='ocrx_word' id='word_1_138' title='bbox 593 1123 736 1177; x_wconf 87' lang='lat' dir='ltr'>etiam,</span> <span class='ocrx_word' id='word_1_139' title='bbox 769 1137 875 1177; x_wconf 89' lang='lat' dir='ltr'>quae</span> <span class='ocrx_word' id='word_1_140' title='bbox 908 1125 1009 1163; x_wconf 90' lang='lat' dir='ltr'>sunt</span> <span class='ocrx_word' id='word_1_141' title='bbox 1041 1122 1252 1175; x_wconf 87' lang='lat' dir='ltr'>inanima,</span> <span class='ocrx_word' id='word_1_142' title='bbox 1293 1136 1463 1163; x_wconf 89' lang='lat' dir='ltr'>consue-</span> 
     </span>
     <span class='ocr_line' id='line_1_19' title="bbox 120 1181 1464 1236; baseline -0.002 -12"><span class='ocrx_word' id='word_1_143' title='bbox 120 1182 224 1224; x_wconf 90' lang='lat' dir='ltr'>tudo</span> <span class='ocrx_word' id='word_1_144' title='bbox 262 1182 395 1235; x_wconf 88' lang='lat' dir='ltr'>valet,</span> <span class='ocrx_word' id='word_1_145' title='bbox 439 1195 568 1235; x_wconf 91' lang='lat' dir='ltr'>quom</span> <span class='ocrx_word' id='word_1_146' title='bbox 613 1182 716 1223; x_wconf 85' lang='lat' dir='ltr'>locis</span> <span class='ocrx_word' id='word_1_147' title='bbox 754 1181 860 1236; x_wconf 91' lang='lat' dir='ltr'>ipsis</span> <span class='ocrx_word' id='word_1_148' title='bbox 900 1181 1178 1234; x_wconf 87' lang='lat' dir='ltr'>delectemur,</span> <span class='ocrx_word' id='word_1_149' title='bbox 1223 1181 1464 1222; x_wconf 88' lang='lat' dir='ltr'>montuosis</span> 
     </span>
     <span class='ocr_line' id='line_1_20' title="bbox 121 1240 1464 1294; baseline -0.001 -12"><span class='ocrx_word' id='word_1_150' title='bbox 121 1241 252 1282; x_wconf 88' lang='lat' dir='ltr'>etiam</span> <span class='ocrx_word' id='word_1_151' title='bbox 296 1243 340 1281; x_wconf 89' lang='lat' dir='ltr'>et</span> <span class='ocrx_word' id='word_1_152' title='bbox 383 1240 672 1293; x_wconf 87' lang='lat' dir='ltr'>silvestribus,</span> <span class='ocrx_word' id='word_1_153' title='bbox 716 1240 761 1281; x_wconf 91' lang='lat' dir='ltr'>in</span> <span class='ocrx_word' id='word_1_154' title='bbox 806 1240 960 1294; x_wconf 90' lang='lat' dir='ltr'>quibus</span> <span class='ocrx_word' id='word_1_155' title='bbox 1005 1240 1164 1281; x_wconf 87' lang='lat' dir='ltr'>diutius</span> <span class='ocrx_word' id='word_1_156' title='bbox 1210 1240 1464 1281; x_wconf 89' lang='lat' dir='ltr'>commorati</span> 
     </span>
    </p>

    <p class='ocr_par' dir='ltr' id='par_1_7' title="bbox 68 1312 280 1341">
     <span class='ocr_line' id='line_1_21' title="bbox 68 1312 280 1341; baseline -0.005 0"><span class='ocrx_word' id='word_1_157' title='bbox 68 1312 101 1336; x_wconf 76' lang='lat'>2⁰</span> <span class='ocrx_word' id='word_1_158' title='bbox 122 1314 280 1341; x_wconf 87' lang='lat' dir='ltr'>sumus.</span> 
     </span>
    </p>

    <p class='ocr_par' dir='ltr' id='par_1_8' title="bbox 122 1356 1466 1589">
     <span class='ocr_line' id='line_1_22' title="bbox 210 1356 1464 1412; baseline -0.001 -13"><span class='ocrx_word' id='word_1_159' title='bbox 210 1356 291 1399; x_wconf 88' lang='lat' dir='ltr'>Sed</span> <span class='ocrx_word' id='word_1_160' title='bbox 323 1358 557 1399; x_wconf 86' lang='lat' dir='ltr'>maximum</span> <span class='ocrx_word' id='word_1_161' title='bbox 584 1361 650 1399; x_wconf 87' lang='lat' dir='ltr'>est</span> <span class='ocrx_word' id='word_1_162' title='bbox 675 1359 719 1399; x_wconf 91' lang='lat' dir='ltr'>in</span> <span class='ocrx_word' id='word_1_163' title='bbox 746 1358 936 1399; x_wconf 86' lang='lat' dir='ltr'>amicitia</span> <span class='ocrx_word' id='word_1_164' title='bbox 964 1372 1114 1412; x_wconf 90' lang='lat' dir='ltr'>parem</span> <span class='ocrx_word' id='word_1_165' title='bbox 1141 1371 1234 1399; x_wconf 89' lang='lat' dir='ltr'>esse</span> <span class='ocrx_word' id='word_1_166' title='bbox 1259 1356 1464 1399; x_wconf 87' lang='lat' dir='ltr'>inferiori.</span> 
     </span>
     <span class='ocr_line' id='line_1_23' title="bbox 122 1416 1466 1472; baseline -0.001 -14"><span class='ocrx_word' id='word_1_167' title='bbox 122 1416 258 1472; x_wconf 88' lang='lat' dir='ltr'>Saepe</span> <span class='ocrx_word' id='word_1_168' title='bbox 296 1417 410 1458; x_wconf 90' lang='lat' dir='ltr'>enim</span> <span class='ocrx_word' id='word_1_169' title='bbox 447 1417 724 1458; x_wconf 86' lang='lat' dir='ltr'>excellentiae</span> <span class='ocrx_word' id='word_1_170' title='bbox 769 1417 978 1471; x_wconf 89' lang='lat' dir='ltr'>quaedam</span> <span class='ocrx_word' id='word_1_171' title='bbox 1024 1419 1142 1470; x_wconf 89' lang='lat' dir='ltr'>sunt,</span> <span class='ocrx_word' id='word_1_172' title='bbox 1187 1417 1327 1471; x_wconf 90' lang='lat' dir='ltr'>qualis</span> <span class='ocrx_word' id='word_1_173' title='bbox 1373 1420 1466 1457; x_wconf 87' lang='lat' dir='ltr'>erat</span> 
     </span>
     <span class='ocr_line' id='line_1_24' title="bbox 122 1474 1465 1531; baseline -0.001 -14"><span class='ocrx_word' id='word_1_174' title='bbox 122 1475 332 1531; x_wconf 86' lang='lat' dir='ltr'>Scipionis</span> <span class='ocrx_word' id='word_1_175' title='bbox 364 1476 409 1517; x_wconf 89' lang='lat' dir='ltr'>in</span> <span class='ocrx_word' id='word_1_176' title='bbox 440 1479 609 1530; x_wconf 86' lang='lat' dir='ltr'>nostro,</span> <span class='ocrx_word' id='word_1_177' title='bbox 649 1479 698 1517; x_wconf 91' lang='lat' dir='ltr'>ut</span> <span class='ocrx_word' id='word_1_178' title='bbox 729 1476 791 1517; x_wconf 88' lang='lat' dir='ltr'>ita</span> <span class='ocrx_word' id='word_1_179' title='bbox 823 1476 979 1529; x_wconf 86' lang='lat' dir='ltr'>dicam,</span> <span class='ocrx_word' id='word_1_180' title='bbox 1012 1489 1154 1531; x_wconf 82' lang='lat' dir='ltr'>grege.</span> <span class='ocrx_word' id='word_1_181' title='bbox 1216 1474 1465 1529; x_wconf 89' lang='lat' dir='ltr'>Numquam</span> 
     </span>
     <span class='ocr_line' id='line_1_25' title="bbox 122 1533 1465 1589; baseline -0.001 -12"><span class='ocrx_word' id='word_1_182' title='bbox 122 1549 166 1577; x_wconf 86' lang='lat' dir='ltr'>se</span> <span class='ocrx_word' id='word_1_183' title='bbox 197 1535 272 1576; x_wconf 88' lang='lat' dir='ltr'>ille</span> <span class='ocrx_word' id='word_1_184' title='bbox 305 1534 449 1588; x_wconf 91' lang='lat' dir='ltr'>Philo,</span> <span class='ocrx_word' id='word_1_185' title='bbox 479 1550 714 1589; x_wconf 89' lang='lat' dir='ltr'>numquam</span> <span class='ocrx_word' id='word_1_186' title='bbox 753 1534 946 1589; x_wconf 85' lang='lat' dir='ltr'>Rupilio,</span> <span class='ocrx_word' id='word_1_187' title='bbox 982 1549 1218 1588; x_wconf 89' lang='lat' dir='ltr'>numquam</span> <span class='ocrx_word' id='word_1_188' title='bbox 1256 1533 1465 1576; x_wconf 87' lang='lat' dir='ltr'>Mummio</span> 
     </span>
    </p>

    <p class='ocr_par' dir='ltr' id='par_1_9' title="bbox 68 1592 1465 1884">
     <span class='ocr_line' id='line_1_26' title="bbox 68 1592 1464 1649; baseline -0.001 -14"><span class='ocrx_word' id='word_1_189' title='bbox 68 1607 101 1631; x_wconf 79' lang='lat'>25</span> <span class='ocrx_word' id='word_1_190' title='bbox 122 1595 382 1649; x_wconf 84' lang='lat' dir='ltr'>anteposuit,</span> <span class='ocrx_word' id='word_1_191' title='bbox 407 1608 642 1648; x_wconf 89' lang='lat' dir='ltr'>numquam</span> <span class='ocrx_word' id='word_1_192' title='bbox 668 1593 883 1635; x_wconf 81' lang='lat' dir='ltr'>inferioiis</span> <span class='ocrx_word' id='word_1_193' title='bbox 911 1593 1072 1634; x_wconf 86' lang='lat' dir='ltr'>ordinis</span> <span class='ocrx_word' id='word_1_194' title='bbox 1100 1593 1260 1643; x_wconf 84' lang='lat' dir='ltr'>amicis,</span> <span class='ocrx_word' id='word_1_195' title='bbox 1294 1592 1340 1641; x_wconf 82' lang='lat' dir='ltr'>Q.</span> <span class='ocrx_word' id='word_1_196' title='bbox 1364 1607 1464 1634; x_wconf 88' lang='lat' dir='ltr'>vero</span> 
     </span>
     <span class='ocr_line' id='line_1_27' title="bbox 121 1652 1465 1708; baseline -0.002 -14"><span class='ocrx_word' id='word_1_197' title='bbox 121 1653 356 1694; x_wconf 84' lang='lat' dir='ltr'>Maximum</span> <span class='ocrx_word' id='word_1_198' title='bbox 387 1652 586 1707; x_wconf 86' lang='lat' dir='ltr'>fratrem,</span> <span class='ocrx_word' id='word_1_199' title='bbox 624 1653 845 1708; x_wconf 85' lang='lat' dir='ltr'>egregium</span> <span class='ocrx_word' id='word_1_200' title='bbox 877 1652 1017 1693; x_wconf 88' lang='lat' dir='ltr'>virum</span> <span class='ocrx_word' id='word_1_201' title='bbox 1049 1652 1241 1705; x_wconf 87' lang='lat' dir='ltr'>omnino,</span> <span class='ocrx_word' id='word_1_202' title='bbox 1284 1652 1366 1693; x_wconf 90' lang='lat' dir='ltr'>sibi</span> <span class='ocrx_word' id='word_1_203' title='bbox 1396 1666 1465 1693; x_wconf 92' lang='lat' dir='ltr'>ne-</span> 
     </span>
     <span class='ocr_line' id='line_1_28' title="bbox 122 1711 1465 1766; baseline -0.001 -13"><span class='ocrx_word' id='word_1_204' title='bbox 122 1726 338 1766; x_wconf 87' lang='lat' dir='ltr'>quaquam</span> <span class='ocrx_word' id='word_1_205' title='bbox 370 1726 536 1766; x_wconf 90' lang='lat' dir='ltr'>parem,</span> <span class='ocrx_word' id='word_1_206' title='bbox 581 1712 694 1766; x_wconf 92' lang='lat' dir='ltr'>quod</span> <span class='ocrx_word' id='word_1_207' title='bbox 731 1712 768 1753; x_wconf 88' lang='lat' dir='ltr'>is</span> <span class='ocrx_word' id='word_1_208' title='bbox 807 1711 1001 1753; x_wconf 90' lang='lat' dir='ltr'>anteibat</span> <span class='ocrx_word' id='word_1_209' title='bbox 1042 1714 1202 1765; x_wconf 87' lang='lat' dir='ltr'>aetate,</span> <span class='ocrx_word' id='word_1_210' title='bbox 1243 1713 1465 1765; x_wconf 84' lang='lat' dir='ltr'>tamquam</span> 
     </span>
     <span class='ocr_line' id='line_1_29' title="bbox 122 1771 1465 1826; baseline -0.001 -14"><span class='ocrx_word' id='word_1_211' title='bbox 122 1771 386 1826; x_wconf 85' lang='lat' dir='ltr'>superiorem</span> <span class='ocrx_word' id='word_1_212' title='bbox 419 1771 589 1812; x_wconf 89' lang='lat' dir='ltr'>colebat</span> <span class='ocrx_word' id='word_1_213' title='bbox 622 1785 807 1825; x_wconf 89' lang='lat' dir='ltr'>suosque</span> <span class='ocrx_word' id='word_1_214' title='bbox 840 1784 987 1812; x_wconf 90' lang='lat' dir='ltr'>omnes</span> <span class='ocrx_word' id='word_1_215' title='bbox 1019 1784 1096 1825; x_wconf 90' lang='lat' dir='ltr'>per</span> <span class='ocrx_word' id='word_1_216' title='bbox 1128 1784 1172 1811; x_wconf 91' lang='lat' dir='ltr'>se</span> <span class='ocrx_word' id='word_1_217' title='bbox 1204 1783 1332 1824; x_wconf 88' lang='lat' dir='ltr'>posse</span> <span class='ocrx_word' id='word_1_218' title='bbox 1374 1783 1465 1811; x_wconf 90' lang='lat' dir='ltr'>esse</span> 
     </span>
     <span class='ocr_line' id='line_1_30' title="bbox 121 1828 1465 1894; baseline -0.001 -23"><span class='ocrx_word' id='word_1_219' title='bbox 121 1829 353 1884; x_wconf 84' lang='lat' dir='ltr'>ampliores</span> <span class='ocrx_word' id='word_1_220' title='bbox 386 1830 573 1871; x_wconf 87' lang='lat' dir='ltr'>volebat.</span> <span class='ocrx_word' id='word_1_221' title='bbox 619 1828 741 1878; x_wconf 85' lang='lat' dir='ltr'>Quod</span> <span class='ocrx_word' id='word_1_222' title='bbox 766 1829 1007 1871; x_wconf 87' lang='lat' dir='ltr'>faciendum</span> <span class='ocrx_word' id='word_1_223' title='bbox 1033 1828 1374 1894; x_wconf 83' lang='lat' dir='ltr'>imitandumque</span> <span class='ocrx_word' id='word_1_224' title='bbox 1400 1832 1465 1869; x_wconf 86' lang='lat' dir='ltr'>est</span> 
     </span>
    </p>

    <p class='ocr_par' dir='ltr' id='par_1_10' title="bbox 66 1887 1467 2356">
     <span class='ocr_line' id='line_1_31' title="bbox 66 1887 1467 1944; baseline -0.001 -14"><span class='ocrx_word' id='word_1_225' title='bbox 66 1900 100 1925; x_wconf 81' lang='lat'>³0</span> <span class='ocrx_word' id='word_1_226' title='bbox 121 1888 338 1943; x_wconf 90' lang='lat' dir='ltr'>omnibus,</span> <span class='ocrx_word' id='word_1_227' title='bbox 375 1891 441 1942; x_wconf 89' lang='lat' dir='ltr'>ut,</span> <span class='ocrx_word' id='word_1_228' title='bbox 480 1888 516 1929; x_wconf 93' lang='lat' dir='ltr'>si</span> <span class='ocrx_word' id='word_1_229' title='bbox 549 1903 678 1942; x_wconf 84' lang='lat' dir='ltr'>quam</span> <span class='ocrx_word' id='word_1_230' title='bbox 709 1889 1024 1944; x_wconf 82' lang='lat' dir='ltr'>praestantiam</span> <span class='ocrx_word' id='word_1_231' title='bbox 1063 1888 1256 1942; x_wconf 85' lang='lat' dir='ltr'>virtutis,</span> <span class='ocrx_word' id='word_1_232' title='bbox 1292 1887 1467 1942; x_wconf 83' lang='lat' dir='ltr'>ingenii,</span> 
     </span>
     <span class='ocr_line' id='line_1_32' title="bbox 118 1946 1466 2013; baseline -0.002 -24"><span class='ocrx_word' id='word_1_233' title='bbox 118 1946 318 1989; x_wconf 87' lang='lat' dir='ltr'>fortunae</span> <span class='ocrx_word' id='word_1_234' title='bbox 350 1947 567 1989; x_wconf 87' lang='lat' dir='ltr'>consecuti</span> <span class='ocrx_word' id='word_1_235' title='bbox 600 1947 704 2000; x_wconf 90' lang='lat' dir='ltr'>sint,</span> <span class='ocrx_word' id='word_1_236' title='bbox 748 1947 985 2013; x_wconf 82' lang='lat' dir='ltr'>inpertiant</span> <span class='ocrx_word' id='word_1_237' title='bbox 1023 1961 1072 1988; x_wconf 89' lang='lat' dir='ltr'>ea</span> <span class='ocrx_word' id='word_1_238' title='bbox 1108 1946 1196 1987; x_wconf 88' lang='lat' dir='ltr'>suis</span> <span class='ocrx_word' id='word_1_239' title='bbox 1235 1947 1466 1988; x_wconf 77' lang='lat' dir='ltr'>communi-</span> 
     </span>
     <span class='ocr_line' id='line_1_33' title="bbox 120 2005 1465 2061; baseline -0.002 -13"><span class='ocrx_word' id='word_1_240' title='bbox 120 2009 299 2060; x_wconf 89' lang='lat' dir='ltr'>centque</span> <span class='ocrx_word' id='word_1_241' title='bbox 332 2021 428 2048; x_wconf 91' lang='lat' dir='ltr'>cum</span> <span class='ocrx_word' id='word_1_242' title='bbox 460 2006 680 2061; x_wconf 82' lang='lat' dir='ltr'>proximis,</span> <span class='ocrx_word' id='word_1_243' title='bbox 713 2010 772 2059; x_wconf 85' lang='lat' dir='ltr'>ut,</span> <span class='ocrx_word' id='word_1_244' title='bbox 806 2007 842 2047; x_wconf 86' lang='lat' dir='ltr'>si</span> <span class='ocrx_word' id='word_1_245' title='bbox 873 2005 1126 2060; x_wconf 84' lang='lat' dir='ltr'>parentibus</span> <span class='ocrx_word' id='word_1_246' title='bbox 1157 2005 1250 2047; x_wconf 91' lang='lat' dir='ltr'>nati</span> <span class='ocrx_word' id='word_1_247' title='bbox 1279 2006 1366 2046; x_wconf 86' lang='lat' dir='ltr'>sint</span> <span class='ocrx_word' id='word_1_248' title='bbox 1391 2005 1465 2046; x_wconf 92' lang='lat' dir='ltr'>hu-</span> 
     </span>
     <span class='ocr_line' id='line_1_34' title="bbox 120 2064 1465 2120; baseline -0.001 -14"><span class='ocrx_word' id='word_1_249' title='bbox 120 2065 308 2119; x_wconf 88' lang='lat' dir='ltr'>milibus,</span> <span class='ocrx_word' id='word_1_250' title='bbox 342 2065 378 2106; x_wconf 84' lang='lat' dir='ltr'>si</span> <span class='ocrx_word' id='word_1_251' title='bbox 409 2065 675 2120; x_wconf 89' lang='lat' dir='ltr'>propinquos</span> <span class='ocrx_word' id='word_1_252' title='bbox 707 2066 898 2107; x_wconf 87' lang='lat' dir='ltr'>habeant</span> <span class='ocrx_word' id='word_1_253' title='bbox 929 2064 1196 2106; x_wconf 87' lang='lat' dir='ltr'>inbecilliore</span> <span class='ocrx_word' id='word_1_254' title='bbox 1226 2064 1295 2106; x_wconf 81' lang='lat' dir='ltr'>vel</span> <span class='ocrx_word' id='word_1_255' title='bbox 1323 2064 1465 2106; x_wconf 89' lang='lat' dir='ltr'>animo</span> 
     </span>
     <span class='ocr_line' id='line_1_35' title="bbox 121 2123 1467 2179; baseline 0 -15"><span class='ocrx_word' id='word_1_256' title='bbox 121 2124 188 2165; x_wconf 92' lang='lat' dir='ltr'>vel</span> <span class='ocrx_word' id='word_1_257' title='bbox 221 2123 414 2175; x_wconf 87' lang='lat' dir='ltr'>fortuna,</span> <span class='ocrx_word' id='word_1_258' title='bbox 453 2139 600 2166; x_wconf 90' lang='lat' dir='ltr'>eorum</span> <span class='ocrx_word' id='word_1_259' title='bbox 640 2127 828 2179; x_wconf 84' lang='lat' dir='ltr'>augeant</span> <span class='ocrx_word' id='word_1_260' title='bbox 867 2138 970 2178; x_wconf 90' lang='lat' dir='ltr'>opes</span> <span class='ocrx_word' id='word_1_261' title='bbox 1008 2124 1154 2178; x_wconf 89' lang='lat' dir='ltr'>eisque</span> <span class='ocrx_word' id='word_1_262' title='bbox 1184 2123 1340 2165; x_wconf 89' lang='lat' dir='ltr'>honori</span> <span class='ocrx_word' id='word_1_263' title='bbox 1379 2123 1467 2164; x_wconf 87' lang='lat' dir='ltr'>sint</span> 
     </span>
     <span class='ocr_line' id='line_1_36' title="bbox 68 2181 1467 2238; baseline -0.001 -14"><span class='ocrx_word' id='word_1_264' title='bbox 68 2193 98 2219; x_wconf 70' lang='lat'>8⁵</span> <span class='ocrx_word' id='word_1_265' title='bbox 121 2186 164 2224; x_wconf 89' lang='lat' dir='ltr'>et</span> <span class='ocrx_word' id='word_1_266' title='bbox 195 2183 411 2238; x_wconf 83' lang='lat' dir='ltr'>dignitati.</span> <span class='ocrx_word' id='word_1_267' title='bbox 471 2182 533 2225; x_wconf 88' lang='lat' dir='ltr'>Ut</span> <span class='ocrx_word' id='word_1_268' title='bbox 570 2184 614 2224; x_wconf 87' lang='lat' dir='ltr'>in</span> <span class='ocrx_word' id='word_1_269' title='bbox 646 2183 767 2224; x_wconf 89' lang='lat' dir='ltr'>fabul</span> <span class='ocrx_word' id='word_1_270' title='bbox 787 2199 824 2236; x_wconf 88' lang='lat' dir='ltr'>s,</span> <span class='ocrx_word' id='word_1_271' title='bbox 876 2183 947 2236; x_wconf 89' lang='lat' dir='ltr'>qui</span> <span class='ocrx_word' id='word_1_272' title='bbox 987 2181 1251 2237; x_wconf 88' lang='lat' dir='ltr'>aliquamdiu</span> <span class='ocrx_word' id='word_1_273' title='bbox 1289 2184 1467 2237; x_wconf 88' lang='lat' dir='ltr'>propter</span> 
     </span>
     <span class='ocr_line' id='line_1_37' title="bbox 119 2240 1467 2298; baseline -0.001 -16"><span class='ocrx_word' id='word_1_274' title='bbox 119 2242 436 2297; x_wconf 74' lang='lat' dir='ltr'>ignorationem</span> <span class='ocrx_word' id='word_1_275' title='bbox 469 2242 618 2297; x_wconf 87' lang='lat' dir='ltr'>stirpis</span> <span class='ocrx_word' id='word_1_276' title='bbox 658 2245 700 2283; x_wconf 89' lang='lat' dir='ltr'>et</span> <span class='ocrx_word' id='word_1_277' title='bbox 739 2242 907 2298; x_wconf 84' lang='lat' dir='ltr'>generis</span> <span class='ocrx_word' id='word_1_278' title='bbox 946 2241 991 2282; x_wconf 87' lang='lat' dir='ltr'>in</span> <span class='ocrx_word' id='word_1_279' title='bbox 1028 2241 1242 2283; x_wconf 87' lang='lat' dir='ltr'>famulatu</span> <span class='ocrx_word' id='word_1_280' title='bbox 1279 2240 1467 2293; x_wconf 86' lang='lat' dir='ltr'>fuerunt,</span> 
     </span>
     <span class='ocr_line' id='line_1_38' title="bbox 119 2300 1466 2356; baseline -0.001 -14"><span class='ocrx_word' id='word_1_281' title='bbox 119 2314 216 2342; x_wconf 81' lang='lat' dir='ltr'>cum</span> <span class='ocrx_word' id='word_1_282' title='bbox 248 2301 413 2356; x_wconf 86' lang='lat' dir='ltr'>cogniti</span> <span class='ocrx_word' id='word_1_283' title='bbox 445 2304 546 2343; x_wconf 82' lang='lat' dir='ltr'>sunt</span> <span class='ocrx_word' id='word_1_284' title='bbox 578 2304 622 2342; x_wconf 91' lang='lat' dir='ltr'>et</span> <span class='ocrx_word' id='word_1_285' title='bbox 659 2303 734 2342; x_wconf 92' lang='lat' dir='ltr'>aut</span> <span class='ocrx_word' id='word_1_286' title='bbox 773 2302 947 2343; x_wconf 91' lang='lat' dir='ltr'>deorum</span> <span class='ocrx_word' id='word_1_287' title='bbox 987 2303 1062 2342; x_wconf 87' lang='lat' dir='ltr'>aut</span> <span class='ocrx_word' id='word_1_288' title='bbox 1098 2300 1366 2356; x_wconf 75' lang='lat' dir='ltr'>regumfilii</span> <span class='ocrx_word' id='word_1_289' title='bbox 1406 2300 1466 2340; x_wconf 86' lang='lat' dir='ltr'>in-</span> 
     </span>
    </p>
   </div>
   <div class='ocr_carea' id='block_1_3' title="bbox 1482 164 1529 204">
    <p class='ocr_par' dir='ltr' id='par_1_11' title="bbox 1482 164 1529 204">
     <span class='ocr_line' id='line_1_39' title="bbox 1482 164 1529 204; baseline 0 0"><span class='ocrx_word' id='word_1_290' title='bbox 1482 164 1529 204; x_wconf 83' lang='lat'>19</span> 
     </span>
    </p>
   </div>
   <div class='ocr_carea' id='block_1_4' title="bbox 1435 215 1529 247">
    <p class='ocr_par' dir='ltr' id='par_1_12' title="bbox 1435 215 1529 247">
     <span class='ocr_line' id='line_1_40' title="bbox 1435 215 1529 247; baseline -0.032 0"><span class='ocrx_word' id='word_1_291' title='bbox 1435 215 1529 247; x_wconf 80' lang='grc'>,67</span> 
     </span>
    </p>
   </div>
   <div class='ocr_carea' id='block_1_5' title="bbox 1490 664 1531 696">
    <p class='ocr_par' dir='ltr' id='par_1_13' title="bbox 1490 664 1531 696">
     <span class='ocr_line' id='line_1_41' title="bbox 1490 664 1531 696; baseline -0.024 0"><span class='ocrx_word' id='word_1_292' title='bbox 1490 664 1531 696; x_wconf 84' lang='grc'>68</span> 
     </span>
    </p>
   </div>
   <div class='ocr_carea' id='block_1_6' title="bbox 1493 1369 1535 1400">
    <p class='ocr_par' dir='ltr' id='par_1_14' title="bbox 1493 1369 1535 1400">
     <span class='ocr_line' id='line_1_42' title="bbox 1493 1369 1535 1400; baseline 0 0"><span class='ocrx_word' id='word_1_293' title='bbox 1493 1369 1535 1400; x_wconf 85' lang='grc'>69</span> 
     </span>
    </p>
   </div>
   <div class='ocr_carea' id='block_1_7' title="bbox 1493 1840 1536 1871">
    <p class='ocr_par' dir='ltr' id='par_1_15' title="bbox 1493 1840 1536 1871">
     <span class='ocr_line' id='line_1_43' title="bbox 1493 1840 1536 1871; baseline 0 0"><span class='ocrx_word' id='word_1_294' title='bbox 1493 1840 1536 1871; x_wconf 82' lang='grc'>70</span> 
     </span>
    </p>
   </div>
  </div>
 </body>
</html>
