1663 2490
289 51 348 86 on
375 51 574 87 ormcns
600 51 688 87 LIB.
715 51 759 86 11.
811 49 911 85 off.
942 34 971 92 ι’,
998 54 1029 84 2.
1080 53 1099 91 ς
1128 54 1226 83 1-5.
1373 48 1426 89 57

89 176 185 203 rum
212 174 369 216 genera
393 173 638 214 persequar,
671 173 778 213 quae
803 157 1020 213 pertinent
1046 156 1099 197 ad
1125 156 1238 197 vitae
1264 156 1424 197 cultum

90 223 134 261 et
171 219 225 261 ad
263 232 409 259 earum
440 231 601 271 rerum,
639 218 793 271 quibus
832 218 1011 258 utuntur
1048 214 1261 267 homines,
1297 213 1428 255 facul-

43 279 46 282 ’
89 281 236 331 tatem,
275 277 326 318 ad
360 290 480 331 opeS,
513 276 566 317 ad
604 276 747 330 copias
782 275 879 329 [3in
911 289 994 328 quo
1026 276 1119 314 tum
1152 272 1298 328 quaeri
1331 272 1430 325 dixi,

90 336 191 392 quid
223 336 346 388 utile,
385 334 486 388 quid
517 334 686 388 inutile,
724 338 815 375 tum
848 348 897 375 ex
936 332 1115 374 utilibus
1148 331 1249 386 quid
1280 331 1428 372 utilius

55 407 71 433 5
91 398 166 438 aut
197 394 298 449 quid
331 393 514 435 maxime
546 393 682 444 utile].
738 392 802 434 De
834 392 988 447 quibus
1021 391 1158 432 dicere
1191 389 1430 446 adgrediar,

91 455 126 496 si
159 468 294 509 pauca
324 452 442 507 prius
475 451 525 493 de
556 452 758 493 instituto
791 466 840 493 ac
872 451 921 492 de
959 450 1113 491 iudicio
1146 463 1240 490 meo
1274 449 1429 489 dixero.

91 512 359 566 Quamquam
404 510 516 552 enim
560 510 662 551 libri
708 510 847 552 nostri
891 509 1131 564 complures
1175 522 1260 549 non
1304 506 1430 548 modo

92 572 145 613 ad
188 570 376 626 legendi,
420 569 492 611 sed
532 569 662 610 etiam
701 569 753 610 ad
792 568 1003 610 scribendi
1048 566 1235 608 studium
1278 566 1431 607 excita-

91 632 262 683 verunt,
289 631 447 681 ‚tamen
482 628 697 669 interdum
729 642 894 680 vereor,
935 641 987 668 ne
1020 625 1275 681 quibusdam
1306 624 1431 666 bonis

40 700 72 726 ιο
91 689 194 731 viris
228 687 528 743 philosophiae
563 701 720 728 nomen
758 686 815 727 sit
846 686 1032 727 invisum
1063 685 1356 737 mirenturque
1387 682 1429 723 in

93 763 142 790 ea
168 749 338 788 tantum
364 761 432 787 me
459 760 612 800 operae
639 748 681 786 et
706 745 914 800 temporis
941 758 1109 799 ponere.
1153 743 1249 798 Ego
1277 745 1433 795 autem,

94 822 221 861 quam
261 806 331 846 diu
368 819 436 846 res
474 804 647 859 publica
684 819 760 859 per
797 818 870 845 eos
909 803 1157 858 gerebatur,
1196 801 1349 856 quibus
1389 814 1433 841 se

95 867 187 920 ipsa
228 864 519 917 commiserat,
563 863 701 905 omnis
742 876 859 904 meas
903 876 1025 903 curas
1064 860 1433 916 cogitationesque

92 925 138 966 in
158 939 251 965 eam
277 922 567 975 conferebam3
599 936 695 963 cum
721 924 864 962 autem
891 920 1113 962 dominatu
1138 919 1263 961 unius
1290 918 1435 959 omnia

40 993 74 1019 15
93 984 341 1024 tenerentur
365 995 503 1035 neque
529 983 643 1022 esset
668 994 849 1034 usquam
876 979 1054 1020 consilio
1085 981 1159 1019 aut
1186 976 1431 1019 auctoritati

94 1042 231 1095 locus,
270 1040 407 1081 socios
446 1039 626 1093 denique
663 1038 846 1080 tuendae
884 1038 945 1078 rei
983 1037 1198 1091 publicae,
1243 1049 1433 1077 summos

92 1100 226 1154 viros,
271 1098 528 1152 amisissem,
572 1112 648 1139 nec
692 1112 759 1138 me
803 1096 1037 1150 angoribus
1079 1095 1236 1148 dedidi,
1280 1094 1434 1149 quibus

94 1173 232 1201 essem
264 1157 501 1210 confectus,
537 1156 621 1198 nisi
652 1156 704 1197 iis
742 1155 1016 1209 restitissem,
1052 1169 1130 1195 nec
1166 1168 1338 1195 rursum
1375 1153 1435 1193 in-

95 1217 236 1273 dignis
268 1216 441 1258 homine
473 1215 598 1257 docto
630 1214 938 1270 voluptatibus.
995 1213 1137 1267 Atque
1169 1213 1336 1254 utinam
1367 1225 1435 1252 res

41 1287 75 1312 20
94 1276 267 1332 publica
298 1274 511 1328 stetisset,
544 1288 627 1328 quo
660 1276 877 1329 coeperat,
909 1275 1027 1314 statu
1057 1286 1134 1313 nec
1164 1272 1210 1312 in
1240 1270 1436 1312 homines

94 1350 181 1377 non
212 1338 303 1376 tam
335 1333 735 1376 commutandarum
768 1347 896 1387 quam
936 1331 1261 1373 evertendarum
1293 1344 1436 1371 rerum

95 1393 271 1447 cupidos
298 1392 531 1434 incidisset!
576 1391 770 1433 Primum
796 1391 921 1443 enim,
950 1393 998 1432 ut
1024 1392 1166 1431 stante
1193 1404 1237 1430 re
1264 1388 1437 1443 publica

94 1453 235 1494 facere
268 1452 530 1505 solebamus,
566 1451 612 1492 in
650 1450 815 1506 agendo
847 1451 943 1505 plus
976 1464 1105 1503 quam
1137 1449 1182 1489 in
1213 1447 1437 1489 scribendo

97 1526 251 1567 operae
283 1524 556 1566 poneremus,
588 1509 736 1551 deinde
768 1508 874 1564 ipsis
907 1508 1079 1563 scriptis
1110 1521 1198 1548 non
1230 1521 1297 1561 ea,
1329 1520 1437 1560 quae

43 1580 77 1606 25
95 1585 220 1624 nunc,
252 1569 325 1610 sed
357 1569 547 1611 actiones
572 1571 745 1610 nostras
771 1567 1083 1620 mandaremus,
1115 1569 1164 1607 ut
1189 1580 1315 1620 saepe
1340 1565 1438 1606 feci-

97 1643 204 1671 mus.
248 1627 356 1670 Cum
383 1630 526 1669 autem
552 1641 620 1668 res
645 1626 830 1682 publica,
858 1626 903 1666 in
930 1640 1014 1680 qua
1039 1625 1178 1667 omnis
1205 1639 1300 1665 mea
1326 1638 1439 1678 cura,

97 1687 319 1743 cogitatio,
346 1701 476 1742 opera
501 1686 603 1742 poni
630 1686 810 1739 solebat,
835 1685 956 1726 nulla
982 1687 1095 1725 esset
1121 1683 1307 1736 omnino,
1337 1682 1438 1723 illae

98 1746 261 1788 scilicet
304 1745 475 1787 litterae
520 1745 816 1787 conticuerunt
857 1743 1049 1785 forenses
1094 1745 1136 1784 et
1186 1741 1438 1783 senatoriae.

97 1805 220 1847 Nihil
259 1819 386 1861 agere
424 1807 568 1846 autem
605 1818 702 1845 cum
740 1803 906 1845 animus
950 1817 1036 1844 non
1079 1803 1243 1857 posset,
1290 1801 1335 1842 in
1371 1800 1438 1841 his

45 1874 80 1900 8⁰
99 1864 253 1906 studiis
286 1864 339 1905 ab
371 1863 497 1905 initio
530 1865 725 1904 versatus
763 1861 919 1903 aetatis
958 1860 1201 1902 existimavi
1231 1859 1440 1901 honestis-

100 1923 206 1964 sime
238 1922 461 1964 molestias
493 1936 620 1977 posse
653 1921 823 1976 deponi,
862 1920 897 1961 si
935 1935 1001 1961 me
1035 1919 1087 1961 ad
1118 1918 1440 1974 philosophiam

99 1982 376 2023 rettulissem.
450 1979 529 2023 Cui
572 1995 668 2022 cum
717 1980 903 2021 multum
954 1978 1201 2020 adulescens
1253 1977 1440 2019 discendi

100 2056 229 2083 causa
259 2040 468 2095 temporis
499 2039 766 2093 tribuissem,
800 2040 1084 2093 posteaquam
1114 2036 1349 2078 honoribus
1381 2035 1441 2076 in-

101 2100 260 2142 servire
286 2099 407 2154 coepi
432 2112 583 2154 meque
608 2101 751 2140 totum
774 2097 836 2138 rei
859 2097 1055 2152 publicae
1075 2095 1245 2149 tradidi,
1270 2097 1441 2136 tantum

47 2167 80 2194 85
100 2161 193 2200 erat
221 2157 522 2213 philosophiae
548 2156 644 2211 loci,
676 2158 884 2211 quantum
911 2155 1181 2211 superfuerat
1207 2154 1440 2196 amicorum

101 2219 144 2258 et
162 2217 224 2259 rei
243 2217 439 2272 publicae
465 2216 751 2271 temporibus3
776 2215 818 2256 id
845 2218 989 2256 autem
1015 2228 1139 2256 omne
1166 2213 1440 2256 consumeba-

100 2279 171 2317 tur
208 2276 254 2317 in
289 2275 490 2331 legendo,
534 2274 747 2317 scribendi
786 2273 921 2316 otium
958 2288 1045 2315 non
1077 2275 1180 2314 erat.
1241 2271 1439 2313 Maximis

1468 2251 1496 2281 ί)

1467 2278 1491 2291 u

1466 2302 1486 2331 ὂ
