1673 2505
360 80 710 116 EPISTULARUM.
738 80 777 114 E.
805 79 1043 115 XII—XVIII
1072 86 1100 116 1.
1318 82 1403 123 305

63 192 354 234 demonstrasse
384 189 501 240 dicis,
539 188 700 230 Sullam
738 190 784 229 in
820 189 895 230 illa
922 188 1050 240 fuisse
1079 189 1282 240 superiore
1313 203 1400 231 con-

64 249 275 292 iuratione.
306 271 354 276 —
383 247 512 288 Schol.
539 247 640 289 Bob.
668 249 712 288 in
737 247 816 289 Cic.
843 261 898 288 or.
918 260 997 299 pro
1023 246 1194 288 Plancio
1221 247 1307 299 (38.
1328 249 1402 301 85)

56 322 100 362 p.
119 310 273 359 270341.
316 305 532 359 Significat
561 307 776 358 epistulam
806 319 889 347 non
920 306 1155 347 mediocrem
1186 306 1242 347 ad
1269 307 1403 347 instar

62 366 280 408 voluminis
314 365 525 418 scriptam,
560 379 684 417 quam
714 364 906 417 Pompeio
941 365 988 405 in
1018 364 1168 406 Asiam
1204 365 1251 406 de
1286 365 1403 406 rebus

28 436 45 462 ⁵
63 425 148 466 suis
175 425 219 465 in
244 423 456 464 consulatu
476 424 598 476 yestis
622 425 791 465 miserat
816 422 952 465 Cicero
977 423 1198 476 aliquanto,
1228 426 1275 464 ut
1297 424 1403 465 vide—

64 483 199 532 batur,
237 481 474 523 insolentius
509 483 720 536 scriptam,
761 485 807 523 ut
836 481 1003 535 Pompei
1039 481 1290 524 stomachum
1320 496 1403 524 non

62 541 309 582 mediocriter
333 544 599 594 commoveret,
624 542 731 593 quod
753 541 932 593 quadam
957 541 1185 594 superbiore
1203 542 1403 583 iactantia

62 599 247 641 omnibus
283 613 322 641 se
354 599 543 652 yloriosis
579 600 745 641 ducibus
781 603 1044 652 anteponeret.
1081 624 1137 628 —
1178 599 1404 652 Obfuerunt

62 661 198 700 autem
233 672 277 699 re
315 671 431 707 vera‚·
474 671 573 699 nam
609 659 667 700 sic
704 657 886 709 effectum
923 662 996 712 est,
1031 662 1079 700 ut
1112 659 1150 700 ei
1185 658 1403 714 Pompeius

10 729 44 755 10
62 721 202 759 contra
233 716 478 759 Clodianam
508 718 591 758 vim
621 731 704 759 non
727 718 1070 770 patrocinaretur.

476 920 581 958 XVI.
626 919 698 957 AD
732 920 837 957 ATT
842 919 985 958 ICUM.

150 1009 309 1052 Charis.
340 1010 373 1051 I
391 1024 433 1063 p.
466 1013 558 1051 146.
589 1014 641 1052 31
670 1010 777 1052 Keil.
810 1010 1150 1066 Vectigaliorum
1184 1011 1319 1054 Cicero
1350 1013 1406 1053 acl

61 1064 256 1111 Atticum.
318 1069 389 1121 (V.
422 1069 538 1120 infra
569 1069 614 1110 F
641 1069 688 1110 X
716 1070 777 1121 4)

62 1272 188 1310 XVII
234 1272 307 1309 AD
339 1270 607 1321 HERODEM,
640 1271 713 1309 AD
747 1271 1001 1321 GORGIAM,
1034 1272 1107 1310 AD
1140 1272 1403 1313 PELOPEM.

13 1376 44 1401 15
151 1362 262 1404 Plut.
277 1362 354 1405 Cic.
369 1366 427 1405 24
447 1366 521 1405 ext.
539 1360 787 1404 Ἐπιστολαὶ
807 1359 925 1432 παρὰ
944 1364 1024 1405 τοῦ
1046 1363 1299 1419 Κικέρωνος
1319 1363 1403 1406 εἰσὶ

62 1419 171 1476 πρὸς
197 1418 421 1476 “Ηρώὸην,
454 1421 595 1494 ἕτεραι
628 1419 676 1463 δε
707 1418 815 1476 πρὸς
846 1419 924 1463 τὸν
956 1420 1058 1464 υιόν
1093 1447 1158 1464 -—.
1207 1425 1403 1478 Γοργίαν

63 1479 111 1523 δὲ
143 1477 221 1522 τὸν
253 1478 420 1550 ῥήτορα
445 1479 704 1535 αἰτιώμενος
735 1481 796 1530 εἰς
823 1477 990 1534 ἡδονὰς
1014 1480 1086 1522 καὶ
1112 1479 1274 1531 πότους
1296 1496 1402 1552 προ-

63 1537 188 1593 άγειν
224 1536 273 1581 τὸ
312 1555 542 1594 μειρακιον
579 1537 816 1581 ἀπελαύνει
853 1540 930 1594 τῆς
970 1542 1209 1590 συνουσίας
1252 1538 1403 1583 αὐτοῦ.

63 1597 153 1640 Καὶ
185 1595 344 1653 σχεδὸν
377 1596 486 1652 αὕτη
518 1614 562 1640 τε
594 1599 682 1640 τῶν
709 1595 977 1652 Ελληνικῶν
1009 1601 1086 1653 μία
1117 1598 1189 1640 καὶ
1223 1600 1404 1656 δευτέρα

11 1670 45 1696 20
63 1653 172 1727 πρὸς
202 1657 383 1700 Πέλοπα
419 1655 497 1699 τὸν
529 1655 775 1708 Βυζάντιον
811 1658 858 1699 ἐν
891 1654 1000 1713 ὀργῇ
1033 1674 1120 1700 τινι
1151 1658 1403 1714 γέγραπται,

62 1713 141 1758 τὸν
185 1732 266 1775 μεν
309 1719 503 1771 Γοργίαν
547 1713 686 1758 αὐτοῦ
729 1715 1040 1776 προσηκόντως
1080 1716 1404 1772 ἐπικόπτοντος,

63 1778 182 1830 εἴπερ
202 1775 259 1829 ἠν
280 1776 450 1829 φαῦλος
469 1774 541 1817 καὶ
562 1772 818 1829 ακόλαστος,
838 1776 948 1831 ῂπερ
964 1774 1121 1827 ἐδόκει
1141 1773 1250 1831 πρὸς
1264 1775 1312 1819 δε
1325 1773 1404 1819 τὸν

63 1833 244 1876 Πέλοπα
276 1833 684 1890 μικρολογουμένου
714 1833 785 1875 καὶ
825 1836 1227 1889 μεμψιμοιροῦντος
1258 1833 1404 1891 ω’σπερ

64 1889 344 1948 ἀμελήσαντα
368 1892 494 1948 τιμάς
519 1910 641 1943 τινας
667 1890 784 1951 αὐτῷ
809 1892 881 1934 καὶ
902 1896 1161 1949 ψηφίσματα
1180 1892 1297 1951 παρὰ
1319 1898 1403 1937 Βυ-

13 1963 45 1989 25
66 1954 250 2003 ζαντίων
276 1952 498 2007 γενέσθαι.

307 2098 452 2136 XVIII.
497 2099 567 2136 EX
599 2097 873 2136 EPISTULIS
905 2096 1164 2136 INCERTIS.

156 2190 191 2230 1.
224 2189 392 2241 Quintil.
421 2189 496 2230 IX
524 2193 562 2230 3.
594 2192 647 2230 61
677 2190 767 2243 Eyo
799 2203 849 2230 ne
878 2188 985 2230 illud
1013 2189 1173 2241 quidem
1203 2190 1406 2242 aposiope-

63 2247 131 2290 sin
160 2261 312 2300 semper
342 2261 449 2298 voco,
486 2249 531 2289 in
561 2262 638 2301 quo
675 2262 738 2290 res
769 2261 1038 2301 quaecumque
1067 2248 1312 2300 relinquitur
1342 2249 1405 2289 in·

65 2306 296 2360 telleyenda,
332 2311 380 2348 ut
408 2307 438 2360 †
469 2321 516 2349 ea
551 2321 655 2360 quae
691 2309 737 2349 in
774 2307 956 2360 epistulis
987 2305 1144 2349 Cicero:
1180 2306 1294 2348 Data
1325 2305 1406 2348 Lu-

136 2381 206 2407 010.
225 2382 276 2408 IV.
299 2383 323 2407 3.
1149 2378 1193 2409 ‘20
