1663 2490
116 454 170 494 23

113 506 158 536 86

110 1426 151 1456 87

108 2308 149 2339 38

190 71 272 112 190
586 72 786 107 LAELIUS
811 72 875 107 DE
901 73 1120 108 AMICITIA

185 180 476 234 praeposteris
521 180 635 221 enim
678 180 840 221 utimur
880 180 1070 221 consiliis
1120 183 1163 222 et
1210 183 1308 222 acta
1345 181 1526 236 agimus,

187 238 299 292 quod
330 241 527 279 vetamur
557 241 701 279 vetere
732 238 972 292 proverbio.
1021 237 1135 280 Nam
1166 239 1377 294 implicati
1409 240 1525 281 ultro

186 299 230 338 et
259 297 368 339 citro
399 297 467 338 vel
499 311 578 338 usu
611 297 811 338 diuturno
843 297 910 337 vel
943 297 1075 338 etiam
1104 297 1255 340 officiis
1282 301 1457 353 repente
1481 298 1526 339 in

185 355 324 397 medio
370 370 495 397 cursu
539 355 752 396 amicitias
793 358 942 396 exorta
979 356 1125 409 aliqua
1168 357 1400 398 offensione
1445 356 1526 398 dis-

186 414 436 469 rumpimus.
735 440 741 444 ‹
1563 427 1582 452 5
1653 415 1661 478 Ξ

274 472 366 521 Quo
402 473 532 514 etiam
565 472 705 528 magis
737 472 1022 527 vituperanda
1053 475 1120 514 est
1149 473 1211 514 rei
1242 474 1425 515 maxime
1457 488 1527 515 ne·
1656 479 1659 503 ῑ

185 532 395 573 cessariae
438 534 563 572 tanta
605 531 781 573 incuria.
843 530 941 572 Una
984 534 1050 572 est
1093 531 1205 572 enim
1249 533 1440 574 amicitia
1481 533 1528 574 in
1656 507 1660 557 Ι

183 591 311 631 rebus
342 590 556 644 humanis,
588 589 638 631 de
670 590 788 631 cuius
820 590 1012 632 utilitate
1045 604 1192 631 omnes
1218 605 1302 632 uno
1331 606 1404 633 ore
1430 606 1526 633 con-

184 649 387 690 sentiunt.
432 648 702 702 Quamquam
726 664 752 690 a
782 649 930 690 multis
957 649 1095 690 virtus
1120 649 1216 703 ipsa
1236 651 1525 691 contemnitur

183 710 226 748 et
257 707 494 749 venditatio
534 707 743 762 quaedam
781 711 910 762 atque
948 708 1181 749 ostentatio
1223 722 1315 749 esse
1354 708 1580 763 dicitur31⁰

183 767 309 807 multi
341 766 513 807 divitias
547 766 798 821 despiciunt,
831 781 936 820 quos
969 781 1102 821 parvo
1133 769 1358 808 contentos
1383 767 1525 809 tenuis

182 825 320 866 victus
354 825 579 880 cultusque
611 825 815 879 delectat3
845 826 1029 867 honores
1058 840 1172 879 vero,
1205 840 1385 880 quorum
1411 826 1525 880 cupi-

183 884 318 925 ditate
351 884 525 938 quidam
556 884 879 925 inflammantur
889 918 900 938 7
933 899 1060 939 quam
1087 884 1214 926 multi
1245 885 1308 926 ita
1339 888 1525 926 contem-

181 946 307 997 nunt,
350 946 399 985 ut
430 943 539 984 nihil
576 943 763 998 inanius,
803 943 912 984 nihil
952 958 1043 985 esse
1081 943 1218 985 levius
1258 943 1523 986 existiment!

181 1002 369 1056 itemque
402 1005 555 1055 cetera,
588 1017 696 1056 quae
729 1002 986 1057 quibusdam
1015 1002 1288 1044 admirabilia
1312 1003 1524 1057 videntur,
1545 1014 1578 1039 ¹⁵

181 1061 386 1115 permulti
419 1064 519 1102 sunt
551 1061 623 1115 qui
654 1076 733 1116 pro
764 1061 900 1103 nihilo
926 1064 1100 1116 putent3
1132 1061 1182 1103 de
1215 1062 1406 1103 amicitia
1437 1076 1525 1103 om-

180 1134 256 1161 nes
288 1120 342 1161 ad
372 1135 506 1161 unum
537 1120 651 1161 idem
683 1120 890 1173 sentiunt,
923 1123 966 1161 et
996 1120 1045 1173 ii,
1077 1120 1149 1174 qui
1181 1120 1234 1162 ad
1265 1135 1355 1162 rem
1388 1120 1524 1175 publi-

181 1193 276 1220 cam
307 1193 352 1220 se
378 1178 665 1233 contulerunt,
697 1182 740 1220 et
764 1179 807 1234 ii,
833 1179 905 1233 qui
931 1193 1074 1220 rerum
1099 1179 1343 1234 cognitione
1370 1179 1525 1221 doctri-

180 1252 319 1291 naque
352 1237 636 1292 delectantur,
674 1240 717 1279 et
748 1237 796 1292 ii,
835 1238 908 1292 qui
946 1252 1068 1279 suum
1106 1238 1329 1293 negotium
1368 1241 1524 1294 gerunt

181 1296 321 1351 otiosi,
352 1299 572 1351 postremo
604 1297 653 1351 ii,
691 1297 764 1351 qui
796 1311 840 1338 se
872 1299 989 1338 totos
1027 1297 1297 1338 tradiderunt
1327 1298 1523 1351 volupta-
1542 1308 1577 1333 2⁰

180 1355 309 1409 tibus,
341 1355 431 1396 sine
464 1355 655 1397 amicitia
685 1356 821 1396 vitam
850 1370 943 1397 esse
968 1356 1145 1409 nullam,
1172 1356 1208 1396 si
1234 1355 1360 1397 modo
1386 1356 1523 1397 velint

181 1414 327 1468 aliqua
358 1429 408 1455 ex
439 1416 563 1469 parte
595 1414 834 1456 liberaliter
859 1415 1014 1456 vivere.
1064 1413 1208 1470 Serpit
1240 1415 1353 1456 enim
1378 1415 1521 1456 nescio

180 1488 264 1528 quo
296 1472 423 1514 modo
456 1488 532 1527 per
563 1473 754 1515 omnium
786 1473 898 1514 vitas
932 1473 1122 1515 amicitia
1146 1488 1223 1516 nec
1247 1474 1383 1515 ullam
1409 1477 1522 1515 aeta-

179 1532 235 1573 tis
263 1531 479 1588 degendae
506 1532 717 1574 rationem
743 1533 907 1587 patitur
933 1547 1025 1574 esse
1051 1535 1267 1587 expertem
1288 1532 1366 1575 sui.
1409 1531 1522 1581 Quin

180 1591 311 1632 etiam
344 1591 380 1632 si
413 1591 507 1645 quis
540 1591 774 1646 asperitate
807 1606 856 1633 ea
888 1594 953 1632 est
980 1594 1023 1633 et
1047 1591 1302 1633 inmanitate
1328 1594 1520 1645 naturae,
1540 1602 1574 1628 2⁵

179 1664 434 1705 congressus
466 1653 515 1691 ut
546 1650 768 1691 hominum
805 1650 948 1706 fugiat
985 1653 1113 1705 atque
1151 1650 1306 1705 oderit,
1350 1651 1520 1705 qualem

178 1708 311 1751 fuisse
343 1709 526 1750 Athenis
558 1709 782 1751 Timonem
818 1709 961 1751 nescio
1000 1724 1126 1764 quem
1164 1709 1422 1764 accepimus,
1457 1712 1520 1751 ta-

180 1783 277 1809 men
320 1768 356 1808 is
400 1768 493 1822 pati
535 1782 623 1809 non
658 1768 816 1823 possit,
860 1771 908 1809 ut
944 1783 1031 1809 non
1075 1768 1277 1822 anquirat
1320 1769 1519 1823 aliquem,

180 1827 291 1881 apud
324 1842 451 1881 quem
482 1829 655 1868 evomat
686 1827 803 1869 virus
836 1827 1085 1869 acerbitatis
1112 1842 1224 1869 suae.
1268 1827 1412 1882 Atque
1437 1827 1519 1869 hoc

180 1886 362 1927 maxime
394 1885 666 1940 iudicaretur,
697 1886 735 1927 si
767 1886 868 1941 quid
899 1886 987 1927 tale
1013 1889 1160 1941 posset
1185 1887 1445 1942 contingere,
1471 1889 1520 1927 ut
1538 1897 1573 1923 8⁰

180 1944 335 1999 aliquis
367 1959 444 1986 nos
479 1945 580 1986 deus
614 1959 663 1986 ex
694 1944 776 1987 hac
807 1945 1029 1986 hominum
1066 1945 1308 2000 frequentia
1344 1946 1520 1987 tolleret

180 2006 222 2044 et
253 2003 297 2044 in
330 2003 560 2045 solitudine
592 2003 761 2059 uspiam
794 2005 1025 2046 collocaret
1057 2007 1185 2058 atque
1225 2004 1286 2045 ibi
1324 2004 1519 2059 suppedi-

178 2065 276 2103 tans
308 2063 500 2104 omnium
532 2077 687 2113 rerum,
720 2077 825 2117 quas
856 2066 1013 2104 natura
1045 2063 1269 2116 desiderat,
1301 2063 1519 2104 abundan-

178 2121 284 2162 tiam
316 2124 359 2162 et
391 2122 559 2176 copiam
584 2122 770 2164 hominis
797 2122 970 2164 omnino
997 2122 1230 2176 aspiciendi
1256 2125 1518 2176 potestatem

178 2180 373 2234 eriperet.
417 2179 520 2228 Quis
552 2183 644 2222 tam
676 2183 790 2222 esset
819 2180 995 2235 ferreus,
1027 2181 1100 2234 qui
1126 2195 1220 2222 eam
1246 2181 1380 2222 vitam
1407 2181 1518 2222 ferre
1538 2191 1570 2217 ³⁶

178 2242 342 2293 posset,
380 2238 531 2293 cuique
563 2254 647 2281 non
681 2240 869 2281 auferret
904 2240 1092 2281 fructum
1124 2240 1399 2294 voluptatum
1432 2254 1518 2282 om-

178 2298 295 2339 nium
327 2298 545 2339 solitudo?
585 2297 747 2339 Verum
781 2312 883 2354 ergo
915 2298 1023 2340 illud
1055 2300 1132 2352 est,
1165 2298 1278 2352 quod
1314 2314 1340 2340 a
1363 2298 1517 2340 Taren·
