1663 2490
345 89 433 125 LIB.
460 89 522 126 ΙΙΙ.
574 89 674 125 ΟΑΡ.
703 93 760 133 14,
788 93 842 125 15.
891 93 911 132 ἓ
936 93 1085 125 58-63.
1322 90 1403 131 109

64 215 161 243 cum
186 200 299 240 esset
325 197 441 239 aliud
468 197 731 250 simulatum,
763 196 878 238 aliud
910 198 1063 238 actum.
1112 195 1207 238 Hoc
1232 197 1404 251 quidem

23 306 25 309 Α
66 271 166 300 sane
198 256 411 298 luculente
449 258 497 298 ut
535 256 588 297 ab
621 255 793 297 homine
824 255 963 310 perito
996 255 1234 296 definiendi.
1283 255 1401 311 Ergo

66 319 109 358 et
138 315 319 370 Pythius
352 318 394 356 et
426 328 572 356 omnes
606 314 722 355 aliud
761 316 956 369 agentes,
995 313 1111 354 aliud
1149 314 1401 355 simulantes

65 374 226 430 perfidi,
257 373 455 428 improbi,
487 373 704 415 malitiosi.
765 372 945 414 Nullum
976 372 1110 427 igitur
1141 387 1288 414 eorum
1319 372 1403 414 fac-

29 444 46 470 6
65 436 156 475 tum
188 434 332 487 potest
362 431 468 472 utile
501 445 612 486 esse,
649 446 745 473 eum
783 431 840 472 sit
870 434 938 472 tot
968 431 1086 472 vitiis
1118 430 1401 485 inquinatum.

152 489 313 539 Quodsi
344 490 577 544 Aquiliana
609 490 799 531 definitio
831 504 933 531 vera
964 492 1050 544 est,
1082 504 1133 531 ex
1165 490 1281 531 omni
1312 490 1403 531 vita

65 549 283 592 simulatio
329 548 699 603 dissimulatioque
740 548 932 590 tollenda
970 551 1045 590 est.
1107 547 1193 602 Ita,
1236 563 1313 590 nec
1355 551 1403 589 ut

65 612 180 650 emat
216 607 368 649 melius
405 622 482 649 nec
519 610 568 649 ut
599 607 773 661 vendat,
815 607 1041 661 quicquam
1075 607 1298 648 simulabit
1331 610 1405 648 aut

65 666 356 708 dissimulabit
391 666 458 707 vir
504 666 654 708 bonus.
715 665 851 720 Atqui
894 666 974 707 iste
1020 666 1142 707 dolus
1180 667 1319 707 malus
1361 667 1404 706 et

13 738 46 763 ιο
65 725 233 781 legibus
266 728 359 766 erat
390 725 642 778 vindicatus,
674 727 722 766 ut
746 726 791 765 in
819 725 957 766 tutela
982 724 1203 766 duodecim
1229 724 1404 777 tabulis,

65 783 402 838 circumscriptio
441 783 777 825 adulescentium
814 783 910 838 lege
947 782 1182 836 Plaetoria,
1227 787 1270 824 et
1314 783 1404 823 sine

65 843 160 899 lege
191 842 371 896 iudiciis,
401 842 446 883 in
478 842 632 897 quibus
665 842 835 883 additur
866 854 928 883 EX
963 853 1071 883 FlDE
1104 853 1241 883 BONA.
1291 841 1404 882 Reli-

65 916 247 956 quorum
285 904 427 943 autem
461 900 714 943 iudiciorum
746 901 850 942 haee
880 900 1012 942 verba
1050 900 1234 941 maxime
1273 900 1405 942 excel·

65 961 176 1001 lunt:
208 960 253 1001 in
284 959 464 1001 arbitrio
496 959 557 1000 rei
590 959 762 1000 uxoriae
791 969 958 1000 MELIUS
984 970 1196 1012 AEQUIUS,
1226 959 1271 999 in
1302 958 1406 1000 fidu-

16 1029 47 1055 ιδ
66 1019 131 1061 cia
161 1030 219 1060 ΠΤ
251 1030 390 1059 1N'rER
420 1028 569 1060 BONOS
595 1030 718 1058 BENE
745 1029 898 1059 Aoum.
948 1016 1058 1065 Quid
1090 1017 1222 1072 ergo?
1256 1020 1330 1058 aut
1361 1017 1406 1057 in

66 1092 128 1132 eo,
153 1087 467 1127 QUODMELIUS
487 1087 697 1130 AEQUIUS,
722 1078 867 1130 potest
892 1075 982 1116 ulla
1002 1090 1102 1130 pars
1127 1076 1268 1116 inesse
1293 1075 1406 1116 frau-

67 1136 160 1178 dis?
193 1138 278 1189 aut,
311 1150 406 1177 cum
439 1135 593 1176 dicitur
620 1146 759 1176 INTER
784 1145 936 1176 BONOS
961 1146 1082 1175 BENE
1107 1146 1261 1188 AGIER,
1293 1134 1406 1188 quic-

68 1209 195 1249 quam
227 1194 298 1250 agi
331 1194 476 1235 dolose
509 1196 583 1235 aut
614 1193 830 1234 malitiose
861 1193 1034 1247 potest?
1090 1192 1229 1234 Dolus
1262 1194 1407 1234 autem

68 1254 205 1295 malus
231 1253 276 1294 in
302 1253 587 1307 simulatione,
618 1255 666 1293 ut
692 1252 753 1293 ait
772 1251 983 1306 Aquilius,
1009 1251 1264 1293 continetur.
1308 1250 1406 1292 Tol-

14 1323 48 1349 2⁰
66 1312 240 1354 lendum
278 1313 344 1353 est
381 1311 514 1366 igitur
552 1326 602 1353 ex
640 1311 766 1352 rebus
805 1310 1107 1352 contrahendis
1140 1324 1265 1352 omne
1291 1324 1406 1351 men-

67 1371 251 1424 dacium3
290 1384 377 1412 non
407 1370 713 1411 inlicitatorem
750 1369 966 1423 venditor,
1002 1383 1107 1423 non,
1146 1369 1219 1423 qui
1257 1371 1407 1410 contra

68 1444 112 1472 se
131 1429 323 1482 liceatur,
349 1431 518 1484 emptor
545 1430 749 1483 apponet3
774 1430 965 1482 uterque,
992 1427 1028 1468 si
1048 1427 1102 1469 ad
1122 1427 1406 1482 eloquendum

67 1488 250 1541 venerit,
286 1502 373 1528 non
403 1487 502 1542 plus
534 1502 662 1541 quam
694 1487 826 1528 semel
859 1487 1092 1541 eloquetur.
1155 1485 1202 1534 Q.
1235 1486 1406 1540 quidem

0 1574 1 1580 =
68 1546 272 1589 Scaevola
303 1546 348 1587 P.
379 1545 419 1600 fi,
451 1561 547 1588 cum
577 1546 858 1601 postulasset,
889 1547 937 1586 ut
969 1545 1052 1587 sibi
1082 1544 1257 1599 fundus,
1288 1544 1407 1586 cuius

16 1617 50 1643 85
69 1608 238 1660 emptor
269 1607 378 1658 erat,
420 1605 551 1646 semel
582 1605 842 1646 indicaretur
872 1604 998 1658 idque
1029 1604 1227 1645 venditor
1257 1603 1321 1645 ita
1351 1603 1408 1644 fe-

69 1665 208 1718 cisset,
240 1663 348 1704 dixit
373 1678 417 1704 se
443 1663 579 1718 pluris
600 1666 859 1717 aestumare3
891 1662 1054 1704 addidit
1079 1665 1250 1704 centum
1276 1662 1407 1703 milia.

68 1722 205 1765 Nemo
245 1725 326 1774 est,
369 1723 441 1776 qui
472 1722 553 1764 hoc
577 1722 672 1763 -viri
708 1722 811 1763 boni
847 1721 979 1762 fuisse
1016 1723 1162 1777 neget,
1200 1721 1407 1775 sapientis

68 1783 245 1837 negant,
289 1784 337 1822 ut
374 1781 411 1822 si
450 1781 645 1834 minoris,
691 1795 819 1835 quam
862 1780 1091 1835 potuisset,
1134 1779 1408 1821 vendidisset.

69 1840 186 1882 Haec
217 1840 352 1895 igitur
384 1842 449 1880 est
480 1839 557 1880 illa
587 1839 807 1894 pernicies,
841 1838 954 1894 quod
980 1839 1088 1880 alios
1114 1838 1265 1892 bonos,
1299 1838 1408 1879 alios

19 1911 53 1937 so
72 1899 286 1954 sapientes
324 1898 583 1940 existimant.
644 1897 710 1940 Ex
751 1912 834 1952 quo
871 1897 1036 1939 Ennius
1082 1896 1409 1951 ‘nequiquam

72 1972 248 2012 sapere
286 1957 589 2011 sapientem,
631 1957 715 2010 qui
751 1957 861 2012 ipse
899 1956 1000 1998 sibi
1036 1956 1280 2011 prodesse
1310 1969 1410 1997 non

72 2015 266 2070 quiret.’
326 2015 438 2057 Vere
474 2015 518 2057 id
555 2015 743 2070 quidem,
782 2015 836 2069 si,
874 2014 975 2069 quid
1013 2017 1126 2056 esset
1163 2013 1408 2069 ‘prodesse',

71 2075 176 2116 mihi
207 2089 302 2117 cum
327 2074 467 2116 Ennio
495 2074 751 2116 conveniret.
801 2073 1067 2115 Hecatonem
1099 2073 1269 2128 quidem
1294 2072 1407 2114 Rho-

73 2133 205 2187 dium,
237 2133 492 2188 discipulum
523 2132 723 2187 Panaeti,
754 2133 877 2174 video
908 2133 954 2173 in
978 2132 1030 2173 iis
1057 2132 1192 2186 libris,
1225 2146 1331 2186 quos
1359 2131 1409 2173 de

22 2191 212 2234 ssoffioio
252 2191 424 2247 scripsit
461 2190 507 2240 Q.
539 2191 773 2246 Tuberoni,
811 2192 949 2233 dicere
987 2190 1260 2246 ‘sapientis
1299 2204 1409 2232 esse

72 2250 203 2292 nihil
235 2253 413 2292 contra
444 2265 626 2305 mores,
658 2251 818 2306 legeS,
854 2249 1104 2291 instituta
1133 2249 1410 2291 facientem

72 2308 260 2351 habere
303 2309 553 2351 rationem
596 2310 671 2352 rei
712 2308 1002 2351 familiaris.
1063 2307 1238 2363 Neque
1279 2308 1410 2349 enim

1422 474 1474 511 lo

1451 471 1468 478 -ι

1430 522 1472 552 61

1433 1497 1476 1528 62

1435 2084 1477 2115 63
