1673 2505
331 117 614 155 POEMATUM.
639 118 684 155 H.
710 117 760 153 1V
785 128 808 152 a.
832 129 867 154 v.
894 117 1033 153 761—1J
1060 129 1091 151 v.
1121 122 1175 152 64.

88 231 199 283 Quae
229 228 302 270 tibi
331 228 391 269 vel
419 228 566 280 fluetus
596 227 657 268 vel
685 227 793 268 venti
822 225 998 278 flamina
1028 227 1262 267 monstrent.

85 289 166 331 Est
195 287 308 329 labor
336 286 400 327 hic
423 288 604 338 parvus:
634 299 718 326 non
746 285 932 337 praemia
954 297 1090 337 parva
1121 283 1268 337 labori,

88 346 355 398 Grandiaque
384 345 573 386 assiduas
604 344 794 386 eduleant
819 343 976 396 qaudia
1006 355 1137 384 ouras.

86 405 180 458 Ipse
209 405 353 446 etenim
383 416 465 445 sese
494 406 628 444 servat
656 403 749 452 sibi,
780 405 913 443 servat
941 404 979 443 et
1008 402 1143 450 illum,

88 464 214 516 Quem
243 465 377 503 monet
405 461 668 514 horrendum,
699 462 878 514 sapiens,
909 461 1038 501 vitare
1059 460 1260 512 periclum
1268 493 1279 513 ,

86 521 213 575 Saepe
242 522 340 563 adeo
370 534 514 562 navem
536 520 682 573 pelago
712 520 785 561 sub
815 522 926 560 noete
955 532 1138 560 serenam

86 580 298 630 Subdueit,
329 582 507 621 metuens
535 582 748 620 venturam
778 591 898 619 mane
920 578 1152 631 procellam.

90 639 230 681 Tertia
258 651 368 680 nunc
397 638 533 691 <illam,
563 651 672 678 nune
701 640 850 690 quarta
880 650 1034 678 aurora
1063 637 1231 678 videbit:

87 698 211 740 Nune
239 697 374 739 subita
404 698 588 738 incautos
616 697 746 737 veniet
774 710 904 748 super.
953 696 1092 737 omnia
1121 695 1303 737 nondum

86 757 247 810 Iupiter
276 755 502 796 humanum
533 755 668 796 docuit
692 768 840 808 yenus:
873 754 1012 796 abdita
1043 755 1168 795 caeeis

87 815 228 858 Multa
259 814 386 856 latent
415 814 605 855 tenebris:
636 827 754 867 quae,
786 827 876 854 eum
906 813 1022 866 volet,
1053 814 1138 865 ipse
1168 812 1318 854 doeebit

86 874 344 926 Altitonans,
374 873 446 926 qui
474 886 548 915 nos
570 873 800 925 praeclaris
831 873 1007 925 undique
1036 872 1164 924 sionis

87 933 288 985 Adiuvat,
320 936 357 973 et
385 932 505 973 sortis
538 932 666 972 tradit
693 932 942 972 monimenta
969 931 1147 982 futurae.

87 991 230 1034 Multa
259 994 393 1032 monet
419 990 546 1042 facies
576 993 651 1031 aut
679 990 898 1031 dimidiata
928 989 1111 1039 Dianae,

87 1050 178 1092 Aut
204 1053 378 1102 utraque
407 1062 575 1102 auqens,
606 1052 680 1089 aut
708 1052 823 1089 aueto
857 1048 1010 1089 lumine
1037 1048 1208 1101 fulyens.

92 1109 230 1150 Multa
260 1110 384 1149 etiam
413 1108 507 1149 an
536 1121 703 1161 surgens
733 1106 804 1148 Sol
833 1120 982 1147 aureus
1013 1120 1102 1155 ora,

91 1167 354 1209 Oeeiduamve
379 1170 538 1219 petens:
569 1170 606 1206 et
634 1169 732 1207 sunt
760 1166 883 1206 etiam
913 1166 1044 1206 altera
1073 1166 1192 1218 siqua

89 1226 302 1279 Plurima,
333 1239 436 1278 quae
465 1228 600 1277 noetio,
631 1225 691 1266 vel
721 1225 836 1265 clara
867 1224 952 1265 Zuee
981 1224 1178 1265 videntur.

92 1284 265 1327 Observa
286 1285 474 1337 primum
504 1284 659 1324 nitidae
689 1284 767 1324 duo
798 1296 951 1324 cornua
982 1282 1142 1332 Lunae,

89 1343 219 1386 Illam
249 1343 357 1385 alias
387 1343 470 1384 alio
501 1343 680 1395 depingyit
711 1342 863 1383 lumine
902 1341 1063 1394 Vesper,

89 1403 149 1444 Et
177 1403 337 1444 diversa
368 1402 473 1443 redit
500 1402 684 1442 variatae
711 1401 849 1452 forma
879 1399 1063 1449 Dianae,

90 1461 193 1504 Cum
216 1461 356 1514 primo
388 1461 541 1512 erescit,
571 1473 661 1501 eum
691 1463 857 1512 quarta,
889 1462 926 1500 et
956 1459 1075 1500 tertia
1102 1459 1240 1512 fidyet.

93 1520 207 1561 Haec
236 1520 359 1561 etiam
388 1520 606 1560 instantem
630 1519 781 1571 poterit
810 1518 883 1559 tibi
913 1518 1053 1560 ducere
1082 1531 1267 1559 mensem.

93 1579 232 1620 Tertia
260 1592 361 1619 nam
392 1579 519 1631 tenui,
549 1578 618 1619 sed
640 1591 747 1629 puro
778 1577 908 1618 sidere
935 1577 1096 1630 fulgens

90 1637 207 1679 Suda
236 1638 333 1678 erit:
365 1639 410 1678 at
438 1650 534 1678 raro
557 1636 735 1689 paulum
757 1636 932 1688 perfusa
961 1636 1105 1676 rubore

98 1696 270 1738 Ventosa
300 1699 375 1737 est:
405 1695 518 1736 nullo
548 1696 586 1737 si
616 1709 770 1736 cornua
800 1695 987 1736 acumine
1016 1697 1204 1748 surfjant,

93 1755 327 1808 Quartaque
356 1768 458 1807 quae
487 1755 667 1806 sequitur
698 1766 833 1795 crasso
861 1754 940 1805 fax
971 1754 1161 1806 Zanyueat
1191 1753 1296 1806 iyni,

90 1814 181 1855 Aut
209 1814 381 1867 Austro,
411 1816 486 1854 aut
506 1813 673 1866 pluviae
695 1813 884 1865 properis
915 1812 1150 1853 obtunditur
1179 1813 1314 1854 undis.

93 1872 210 1924 Quod
236 1873 274 1914 si
303 1885 375 1913 neo
404 1875 547 1913 nutent
574 1872 775 1913 nascentis
805 1885 958 1912 cornua
988 1871 1149 1924 Lunae,

94 1931 233 1972 Tertia
262 1944 332 1972 nee
362 1931 492 1972 iaceat
518 1931 713 1983 resupina
736 1943 812 1982 per
841 1929 1003 1970 aethera
1033 1929 1207 1983 Phoebe,

93 1989 258 2032 Cornua
287 1990 357 2031 sed
385 1993 486 2030 reete
510 2003 585 2042 per
615 1989 769 2030 eaelum
792 2002 932 2042 prona
959 1989 1166 2042 ferantur,

91 2048 195 2091 Cras
229 2049 495 2090 Tartessiaeis
525 2047 734 2100 Zephyrus
764 2048 940 2100 spirabit
968 2047 1018 2088 ab
1050 2048 1143 2089 oris.

89 2107 151 2149 At
180 2121 272 2149 eum
301 2111 410 2149 reeta
440 2108 562 2148 etiam
593 2109 742 2159 quarta
771 2106 843 2148 sub
875 2106 958 2147 tuoe
987 2107 1158 2159 renidet,

91 2166 304 2209 Colleetam
334 2169 482 2207 metues
505 2166 713 2218 plui-iam,
745 2168 838 2206 tune
869 2165 1008 2206 omnia
1037 2165 1173 2206 nimbo

93 2225 261 2267 Fervere
291 2225 454 2267 deciduo
485 2238 629 2266 cernes.
679 2238 803 2266 cornu
834 2224 959 2265 altius
989 2227 1080 2276 apte

90 2284 315 2337 Inflexum,
347 2283 550 2333 Boream;
582 2284 818 2336 resupinum
845 2284 1031 2335 parturit
1059 2283 1246 2324 Austros.

91 2342 172 2385 Sed
200 2343 238 2385 si
259 2345 357 2396 post
386 2343 568 2384 triduum
599 2342 766 2384 Lunam
796 2342 917 2383 ruber
946 2342 1102 2383 ambiat
1131 2342 1257 2391 orbis,

1340 118 1426 160 383

1381 352 1427 382 30

1385 939 1431 971 40

1387 1233 1433 1264 45

1388 1821 1432 1852 55

1389 2116 1434 2147 60
