1673 2505
169 714 211 746 30

234 129 321 170 434
410 128 573 164 PRIDIE
601 128 740 172 QUAM
764 129 818 163 IN
844 129 966 167 EXIL.
992 130 1053 166 IR.
1095 128 1194 166 CAP.
1224 134 1277 165 12.
1315 134 1335 173 ἓ
1361 134 1416 167 30.

234 235 296 277 fui
328 236 560 290 animabus,
600 236 636 277 si
667 251 763 278 mea
792 237 984 291 pericula
1014 236 1201 292 neglexi,
1244 237 1344 279 dum
1374 238 1574 280 timorem

236 308 261 336 a
285 295 428 349 patria
452 295 762 350 propulsarem,
789 295 825 336 si
852 309 983 350 aeque
1010 295 1157 336 liberis
1183 296 1338 337 vestris
1361 297 1574 351 prospexi,

235 368 284 395 ac
303 367 380 395 vos
405 353 656 408 parentibus
683 354 932 407 consuestis,
958 356 1006 395 ub
1031 368 1142 395 nunc
1167 368 1235 395 me
1254 354 1398 396 velitis
1417 355 1574 396 vestris

236 412 388 466 opibus
426 411 647 453 defensum
683 412 943 454 incolumem
980 412 1024 453 in
1060 412 1142 453 hac
1173 412 1348 454 civitate
1379 414 1574 466 retinere,

237 485 344 525 quae
382 470 533 512 civitas
572 484 667 511 cum
706 485 730 512 a
769 471 978 512 scelerata
1022 471 1314 512 coniuratione
1359 475 1470 513 esset]
1514 472 1573 512 in-

236 543 373 583 censa,
399 543 493 569 meo
521 528 649 570 ductu
676 544 723 570 ac
744 529 891 570 labore
911 529 1119 570 resbincta
1145 532 1221 582 est,
1246 544 1323 571 nec
1348 530 1574 584 patiamini

237 602 303 628 me
341 586 510 628 a'meis
548 587 695 628 liberis
734 588 1017 641 abs'cractum‚
1057 603 1081 629 a
1119 588 1298 643 coniuge
1338 588 1574 642 abreptum,

237 646 290 688 ab
323 645 408 687 aris
442 645 633 699 focisque
671 646 941 687 innocentem
979 646 1217 701 proiectum
1248 646 1384 687 vibam
1423 647 1575 702 degere

236 704 282 745 in
313 704 458 757 exilio,
490 704 720 745 miserrimi
752 705 948 746 mortalis
982 719 1127 746 casum
1159 705 1313 746 subire.
1361 704 1575 746 Proicitur

237 762 404 804 Tullius
436 763 481 803 in
512 763 687 804 exilium
711 763 742 817 †
766 764 911 818 ibaque
942 763 1141 804 nimirum
1177 764 1378 805 innocens
1412 764 1465 804 ab
1498 764 1573 804 ini-

238 821 366 875 mico,
409 821 637 876 religiosus
676 837 700 863 a
739 823 976 875 sceleratos
1007 822 1231 863 benivolus
1273 822 1371 864 huic
1410 822 1576 863 civitati

238 880 291 921 ab
322 880 459 921 hoste.
509 879 543 921 Ο
570 880 728 921 misera
752 881 867 922 vitae
893 881 1017 934 ratio,
1050 895 1157 934 quae
1189 883 1279 921 tam
1313 881 1383 921 diu
1415 880 1575 922 resides

236 939 282 979 in
312 939 547 993 voluptate,
581 953 708 993 quam
742 939 812 980 diu
841 940 1039 981 fortunae
1065 939 1205 993 poscit
1230 939 1381 981 libido!
1424 939 1575 994 Egone

236 997 433 1039 inimicus
464 997 562 1039 huic
595 997 789 1039 civitati?
822 1012 950 1052 quam
983 998 1036 1039 ob
1070 999 1191 1039 rem?
1242 997 1350 1046 Quia
1380 998 1575 1040 inimicos

236 1056 396 1097 necavi.
456 1056 606 1110 Egone
638 1056 806 1098 hostis?
846 1057 946 1111 quid
977 1057 1068 1097 ita?
1130 1055 1239 1104 Quia
1270 1057 1416 1098 hostes
1449 1057 1576 1098 inter-

236 1114 329 1157 feci.
390 1114 500 1156 Hem
532 1115 822 1157 condicionem
854 1115 980 1156 huius
1012 1115 1236 1170 temporis!
1277 1118 1403 1156 antea
1438 1115 1577 1170 gloria

238 1188 287 1215 ac
318 1174 443 1214 laude
476 1173 717 1228 dignissimi
749 1174 1022 1228 ducebantur,
1058 1174 1131 1228 qui
1161 1174 1264 1215 haec
1295 1174 1576 1228 perfecerunt,

236 1247 349 1274 nunc
386 1232 583 1274 scelerati
621 1247 669 1274 ac
707 1233 943 1287 parricidae
982 1247 1074 1273 esse
1111 1232 1323 1286 dicuntur,
1363 1232 1435 1286 qui
1471 1233 1577 1273 haec

239 1291 605 1332 administrarunt.
668 1289 763 1332 Sin’n
794 1306 896 1333 sane
932 1291 1145 1345 scelerati,
1185 1293 1357 1345 superet
1393 1291 1575 1332 istorum

238 1350 430 1403 victoria,
463 1350 499 1390 si
530 1349 655 1391 modo
688 1350 868 1391 victoria
900 1350 1157 1404 appellanda
1190 1353 1268 1403 est,
1298 1350 1344 1390 in
1370 1363 1453 1403 qua
1479 1349 1575 1390 civi-
1596 1360 1610 1384 2

238 1408 342 1450 tatis
374 1408 487 1449 inest:
511 1408 669 1463 luctus3
700 1408 888 1449 habeant
913 1409 1024 1449 hanc
1049 1409 1238 1462 palmam
1264 1422 1313 1449 ex
1338 1407 1576 1449 innocentis

240 1482 405 1521 cruore3
436 1469 606 1508 tantum
633 1482 658 1507 a
684 1467 817 1521 vobis,
845 1467 1008 1521 equites
1034 1466 1231 1520 Romani,
1263 1468 1362 1521 peto
1384 1467 1431 1507 ‘et
1457 1480 1576 1522 rogo,

240 1529 299 1581 ut,
325 1540 450 1580 quem
471 1540 596 1580 saepe
616 1540 792 1567 numero
813 1529 957 1567 vestra
976 1525 1101 1566 laude
1127 1525 1454 1578 cohonestastis‚
1480 1539 1577 1566 eun-

241 1585 336 1626 dem
361 1585 406 1626 in
432 1584 570 1625 dubiis
598 1584 711 1626 vibae
736 1584 938 1640 periculis
960 1586 1104 1626 vestra
1123 1584 1282 1626 virtute
1304 1584 1576 1626 conservetis.

1596 773 1628 798 10

1598 1066 1629 1092 15
