1673 2505
439 72 737 108 ORATIONUM.
764 75 807 109 A.
834 73 900 108 VH
929 77 1076 108 11-20.
1336 74 1422 115 245

144 184 231 224 erat
260 195 350 223 reus
379 182 705 235 repetundarum,
737 195 827 223 cum
850 181 1108 235 provinciam
1135 181 1326 232 Africam
1357 182 1419 222 ob<

145 241 329 282 tinuisset
351 243 389 281 et
411 240 643 282 consulatus
667 241 930 282 candidatum
948 253 989 282 se
1007 241 1248 282 ostendisset.
1292 240 1420 281 Accu-

143 302 253 341 sator
282 302 370 340 erat
397 299 481 340 eius
509 298 556 340 P.
577 298 754 349 Clodius,
786 299 1015 341 adulescens
1046 300 1130 351 ipse
1159 312 1310 351 quoque
1332 312 1423 351 per-

143 359 262 411 ditus,
292 358 364 410 qui
386 361 527 410 postea
558 371 648 399 cum
669 357 855 399 Cicerone
886 358 1147 399 inimicitiam
1173 358 1306 410 gessit.
1351 356 1423 399 Cn.

49 428 65 453 5
143 429 296 469 quoque
330 415 445 468 Piso,
483 416 715 458 adulescens
745 420 886 469 potens
921 420 959 458 et
996 417 1264 468 turbulentus,
1299 415 1423 467 fami-

144 475 262 516 liaris
292 478 380 516 erat
403 474 606 516 Catilinae
636 476 894 528 omniumque
923 476 1185 517 consiliorum
1216 476 1302 516 eius
1324 488 1423 527 par-

144 534 262 586 ticeps
293 536 332 575 et
361 534 572 574 turbarum
603 537 754 575 auctor.

567 608 682 642 VER.
711 607 812 643 CIR.
842 609 947 642 MX:

178 656 240 698 18.
266 655 448 698 Possum
476 657 612 698 dicere
633 657 849 698 hominem
871 672 1037 699 summa
1057 657 1283 712 prudentia
1310 671 1424 712 spec-

33 727 65 752 10
84 717 243 768 tatum,
276 714 319 757 C.
353 714 544 768 Cottam,
585 716 635 756 de
668 717 755 757 suis
788 717 956 772 legibus
990 717 1250 772 abrogandis
1282 717 1423 772 ipsum

85 774 139 816 ad
170 777 368 815 senatum
399 775 637 829 rettulisse3

231 833 318 875 Hic
336 837 393 875 est
406 833 531 888 Cotta,
551 835 597 875 de
615 848 692 887 quo
714 835 798 875 iam
811 848 925 888 saepe
938 835 1129 887 diximus,
1149 848 1322 888 maynus
1336 848 1424 875 ora-

145 895 206 933 tor
224 892 386 934 habitus
404 896 442 934 et
458 906 622 946 compar
646 894 692 934 in
716 907 763 934 ea
783 894 919 946 yloria
941 893 986 935 P.
1007 893 1188 946 Sulpicio
1213 897 1251 935 et
1270 893 1311 936 C.
1327 893 1423 935 Cae-

143 951 231 992 sari
255 951 500 1004 aequalibus.
552 952 747 993 Videntur
771 956 905 994 autem
929 953 974 993 in
997 953 1114 994 rebus
1131 953 1276 1005 parvis
1297 953 1425 1004 fuisse

33 1022 65 1047 15
145 1010 244 1063 leyes
268 1011 374 1062 illae,
404 1009 507 1063 quas
531 1024 620 1052 cum
652 1012 817 1061 tulisset,
848 1011 1004 1052 rettulit
1027 1012 1074 1052 cle
1097 1013 1154 1052 eis
1179 1011 1425 1064 abroyandis

143 1070 199 1110 ad
226 1072 433 1118 senatum;
464 1082 563 1110 nam
593 1083 718 1122 neque
748 1071 861 1122 apud
883 1069 1128 1111 Sallustium
1159 1084 1283 1122 neque
1313 1071 1426 1122 apud

142 1127 309 1169 Livium
345 1141 470 1181 neque
506 1129 619 1180 apud
647 1129 915 1170 Fenestellam
954 1129 1079 1170 ullius
1115 1129 1283 1170 alterius
1320 1129 1426 1170 latae

143 1186 193 1227 ab
218 1200 260 1227 eo
287 1187 382 1239 leyis
407 1190 464 1228 est
492 1188 639 1228 mentio
664 1191 827 1240 praeter
857 1201 957 1240 eam,
988 1201 1112 1240 quam
1144 1189 1187 1228 in
1212 1188 1425 1229 consulatu

144 1245 239 1286 tulit
267 1246 397 1287 invita
426 1246 635 1287 nobilitate
664 1259 811 1300 mayno
834 1247 980 1299 populi
1009 1247 1154 1296 studio,
1186 1250 1232 1287 ut
1255 1247 1322 1300 eis,
1354 1248 1425 1299 qui

33 1315 66 1341 20
144 1308 192 1345 tr.
216 1304 276 1357 pl.
305 1304 490 1358 fuissent,
521 1305 624 1346 alios
649 1319 802 1358 quoque
826 1306 1090 1358 iizaqisti'atus
1118 1319 1256 1358 capere
1282 1306 1424 1359 liceret,

142 1364 250 1416 quod
285 1363 347 1404 lex
376 1377 404 1404 a
439 1364 630 1405 dictatore
660 1364 708 1405 L.
740 1364 859 1405 Sulla
883 1365 1030 1417 paucis
1061 1366 1184 1406 annis
1214 1368 1308 1405 ante
1340 1365 1426 1406 lata

134 1422 393 1475 ff*oliibel)at;
437 1436 560 1476 neque
602 1436 691 1464 eam
729 1422 865 1465 Cottae
909 1424 1029 1476 leyeni
1072 1423 1309 1477 abrogatam
1345 1437 1426 1466 esse

142 1481 356 1535 siqnificat.

601 1539 898 1584 SEQUITUR:

32 1597 66 1623 25
177 1587 242 1629 19.
274 1602 449 1642 possum
482 1588 612 1629 etiam
650 1588 838 1629 eiusdem
871 1587 1023 1630 Cottae
1063 1589 1203 1644 legem
1236 1588 1286 1630 de
1317 1589 1424 1630 iudi-

85 1646 160 1689 ciis
192 1646 374 1701 privatis
407 1662 517 1688 anno
549 1650 665 1702 post,
705 1662 833 1701 quam
865 1648 956 1688 lata
988 1647 1061 1702 sit,
1101 1663 1125 1688 a
1161 1647 1295 1688 fratre
1335 1648 1424 1689 eius

84 1706 332 1760 abroyatam.

230 1765 293 1806 M.
321 1764 478 1807 Cottam
508 1766 722 1819 siynificat.
771 1766 961 1807 Fuerunt
990 1769 1124 1807 autem
1152 1766 1304 1817 fratres
1334 1769 1424 1817 tres,

142 1825 220 1866 duo
251 1824 311 1878 lii,
346 1823 399 1875 G„
424 1825 500 1875 M,
532 1826 671 1866 tertius
701 1824 750 1866 L.
784 1823 915 1876 Cotta,
952 1825 1024 1878 qm·
1056 1825 1134 1878 leye
1163 1838 1241 1866 sua
1272 1825 1426 1866 iudicia

32 1892 67 1918 ³0
143 1885 248 1925 inter
279 1887 358 1925 tres
388 1885 549 1926 ordines
579 1884 898 1934 connnunicavit,
929 1887 1125 1937 senatum,
1157 1885 1320 1938 equites,
1352 1885 1423 1925 tri—

143 1942 269 1985 bunos
299 1944 480 1985 aerarios
490 1957 504 1993 ;
536 1944 746 1996 adeptis—lue
775 1946 873 1984 sunt
901 1956 1036 1984 omnes
1068 1943 1330 1984 consulatum.

635 2017 867 2052 STATIM.-

173 2067 240 2108 20.
271 2066 431 2122 Legem
462 2066 670 2108 Liciniam
704 2069 746 2108 eb
777 2066 963 2108 Muciam
996 2066 1045 2107 de
1078 2067 1240 2108 civibus
1273 2081 1424 2123 regun-

85 2124 149 2166 dis
180 2125 302 2167 video
336 2128 533 2167 constare
564 2126 678 2166 inter
710 2140 875 2178 omnes,
914 2140 1174 2180 quamquam
1214 2126 1296 2168 duo
1329 2141 1425 2168 con-

0 2186 4 2194 '
32 2193 66 2220 85
86 2184 199 2225 sules
231 2185 439 2238 omnium,
472 2199 578 2239 quos
609 2199 688 2226 nos
721 2184 922 2237 vidimus,
964 2185 1272 2239 sapientissimi
1304 2185 1424 2226 tulis-

85 2245 192 2296 senb,
223 2258 310 2285 non
334 2244 460 2286 modo
486 2243 697 2298 inutilem,
729 2243 802 2285 sed
824 2243 1109 2298 perniciosam
1134 2244 1197 2285 rei
1227 2244 1424 2300 publicae

82 2301 228 2344 fuisse.
