1663 2490
581 130 680 168 CAP.
711 136 726 166 1
778 135 797 173 g
826 135 925 167 1—4.
1340 133 1422 174 163

86 241 256 295 putata,
300 239 438 280 multa
470 238 600 280 etiam
638 238 825 280 breviter
862 240 906 280 et
943 238 1163 280 commode
1195 237 1309 280 dicta
1340 255 1423 281 me-

87 297 248 340 moriae
292 297 550 338 mandabam
587 297 764 351 fierique
802 296 1027 339 studebam
1068 297 1158 338 eius
1196 297 1423 352 prudentia

86 357 263 398 doctior.
324 354 416 404 Quo
460 358 629 398 mortuo
674 370 741 397 me
785 355 839 397 ad
882 355 1130 411 pontificem
1174 353 1422 398 Scaevolam

85 415 264 469 contuli,
309 428 435 469 quem
477 429 609 456 unum
651 417 826 456 nostrae
869 414 1057 457 civitatis
1095 417 1140 456 et
1175 414 1347 471 ingenio
1381 419 1423 457 et

50 487 66 512 ⁵
85 473 252 516 iustitia
288 473 709 528 praestantissimum
752 473 886 515 audeo
925 473 1074 515 dicere.
1135 471 1217 515 Sed
1255 474 1304 515 de
1341 474 1423 516 hoc

86 533 213 586 alias;
242 546 354 574 nunc
385 532 510 574 redeo
543 532 597 573 ad
628 546 846 588 augurem.

174 589 281 633 Cum
306 605 434 646 saepe
459 591 608 646 multa,
640 594 732 632 tum
757 590 933 633 memini
959 590 1110 632 domi
1099 605 1144 632 111
1169 591 1421 646 hemicyclio

86 650 315 704 sedentem,
346 652 395 691 ut
427 650 607 704 solebat,
639 665 734 692 cum
766 653 809 691 et
840 663 920 706 ego
953 663 1091 691 essem
1115 664 1201 691 una
1224 652 1267 692 81
1297 650 1422 705 pauci

86 683 315 751 admodum
340 708 587 763 familiares,
618 708 662 750 in
688 723 784 750 eum
813 723 1052 751 sermonem
1077 708 1202 750 illum
1225 709 1424 776 incidere,

33 781 66 805 10
86 767 159 822 qui
202 770 294 809 tum
337 767 450 809 forte
494 768 641 809 multis
687 770 779 809 8181
814 767 860 809 111
897 782 981 810 018
1041 766 1279 809 Meministi
1309 768 1423 810 enim

85 825 302 882 profecto,
334 826 498 881 Attice,
536 829 579 868 et
610 841 659 869 80
691 826 849 882 magis,
893 826 1006 881 quod
1035 825 1082 868 P.
1114 824 1303 882 Sulpicio
1334 830 1424 869 ute·

85 886 188 927 bare
232 885 434 940 multum,
480 900 576 928 cum
613 885 650 926 is
693 885 892 927 tribunus
935 886 993 940 pl.
1038 885 1214 940 capitali
1258 885 1354 928 odio
1398 901 1424 927 a

86 943 133 993 Q.
164 943 383 999 Pompeio,
415 944 488 998 qui
519 947 611 985 tum
644 946 736 985 erat
767 944 933 998 consul,
966 943 1207 998 dissideret,
1241 959 1422 999 quocum

87 1002 432 1046 coniunctissime
471 1006 514 1044 et
551 1003 843 1044 amantissime
883 1002 1068 1057 vixerat,
1112 1005 1274 1056 quanta
1310 1006 1423 1045 esset

34 1074 65 1100 15
84 1061 306 1104 hominum
338 1061 406 1103 vel
433 1061 661 1103 admiratio
681 1062 749 1103 vel
770 1061 972 1115 querella.
1016 1061 1167 1115 Itaque
1187 1064 1280 1103 tum
1301 1060 1421 1104 Scae-

84 1121 184 1162 vola
209 1135 306 1162 cum
324 1120 370 1162 in
395 1130 489 1162 eam
514 1121 654 1175 ipsam
679 1120 941 1161 mentionem
963 1119 1194 1174 incidisset,
1226 1121 1424 1175 exposuit

83 1179 208 1221 nobis
249 1193 490 1221 sermonem
520 1178 642 1220 Laeli
689 1178 738 1220 de
783 1178 973 1220 amicitia
1009 1178 1207 1220 habitum
1253 1179 1307 1220 ab
1344 1179 1421 1221 illo

86 1252 228 1280 secum
272 1240 314 1279 et
360 1252 455 1280 cum
494 1238 630 1279 altero
673 1251 842 1293 genero,
884 1235 929 1279 C.
960 1236 1123 1279 Fannio
1155 1237 1290 1280 Marci
1320 1238 1422 1292 filio,

85 1296 232 1353 paucis
265 1296 412 1338 diebus
444 1299 544 1352 post
575 1299 758 1338 mortem
790 1296 995 1338 Africani.
1035 1295 1139 1338 Eius
1169 1296 1422 1352 disputatio-

32 1369 67 1393 20
84 1355 151 1397 nis
184 1356 420 1398 sententias
452 1355 682 1397 memoriae
714 1355 925 1410 mandavi,
958 1369 1062 1410 quas
1095 1355 1177 1397 hoc
1209 1356 1320 1398 libro
1356 1370 1421 1397 ex-

85 1415 208 1470 posui
241 1414 455 1456 arbitratu
486 1429 602 1469 1118ος
635 1414 757 1469 quasi
788 1414 901 1456 enim
931 1414 1048 1468 ipsos
1074 1413 1221 1456 induxi
1247 1415 1420 1469 loquen-

85 1476 164 1529 tes,
193 1487 247 1515 ne
280 1472 515 1528 ‘inquam'
547 1475 590 1516 et
630 1472 830 1528 ‘inquit'
863 1473 1032 1528 saepius
1064 1473 1421 1528 interponeretur,

88 1534 217 1585 atque
242 1534 292 1574 ut
317 1535 538 1587 tamquam
564 1549 589 1575 a
613 1535 911 1588 praesentibus
938 1549 1082 1577 coram
1106 1535 1257 1577 haberi
1282 1548 1422 1576 sermo

87 1588 314 1632 videretur.

36 1663 70 1689 25
177 1649 287 1693 Cum
329 1651 442 1693 8111111
479 1665 605 1706 saepe
643 1665 807 1693 1118811111
846 1664 1011 1707 agereS,
1055 1654 1104 1693 ut
1147 1651 1197 1692 de
1236 1651 1424 1694 amicitia

90 1709 320 1752 scriberem
353 1709 525 1764 aliquid,
557 1709 687 1765 digna
714 1709 821 1751 mihi
851 1724 919 1751 res
946 1724 1041 1752 cum
1067 1710 1257 1752 omnium
1282 1711 1425 1766 cogni-

89 1768 219 1823 tione,
249 1771 343 1810 tum
372 1772 523 1811 nostra
553 1768 849 1810 familiaritate
888 1769 981 1810 visa
1017 1771 1094 1810 est.
1155 1768 1307 1823 Itaque
1343 1769 1425 1812 feci

89 1842 177 1870 non
206 1827 380 1882 invitus,
410 1830 460 1870 ut
490 1827 739 1883 prodessem
771 1827 919 1869 multis
951 1830 1107 1884 rogatu
1132 1829 1219 1870 tuo.
1263 1825 1346 1870 Sed
1375 1831 1424 1870 ut

89 1887 135 1928 in
174 1886 336 1928 Catone
366 1885 547 1941 Maiore,
591 1886 664 1941 qui
701 1888 766 1928 est
803 1886 987 1941 scriptus
1026 1886 1079 1928 ad
1115 1889 1158 1928 te
1196 1886 1246 1929 de
1284 1901 1423 1929 senec—

4 1976 5 1984 ,
38 1956 71 1983 ω
90 1948 200 2000 11118,
238 1944 446 1988 Catonem
473 1945 622 1987 induxi
652 1959 796 1987 senem
829 1945 1138 2000 disputantem,
1172 1945 1271 2000 quia
1302 1947 1423 1988 nulla

89 2004 315 2046 videbatur
347 2004 490 2060 aptior
520 2012 715 2060 persona,
747 2019 854 2058 quae
886 2004 937 2046 de
962 2004 1041 2046 illa
1066 2006 1207 2046 aetate
1232 2005 1423 2060 loquere-

89 2066 179 2118 tur,
210 2078 339 2118 quam
371 2063 479 2118 eius,
511 2063 584 2118 qui
615 2066 658 2105 81
689 2063 928 2105 diutissime
961 2077 1088 2105 senex
1117 2063 1271 2106 fuisset
1302 2066 1345 2106 et
1378 2064 1423 2106 111

89 2122 184 2177 ipsa
215 2124 431 2164 senectute
461 2125 632 2178 praeter
664 2125 827 2164 ceteros
858 2122 1087 2176 floruisset,
1119 2122 1197 2177 sic,
1231 2137 1326 2165 811111
1358 2137 1422 2165 ac-

90 2181 346 2236 cepissemus
382 2196 407 2223 a
437 2181 634 2237 patribus
666 2181 849 2223 maxime
881 2181 1204 2223 memorabilem
1230 2180 1274 2224 O.
1300 2181 1421 2223 Laeli

90 2242 133 2281 81
180 2238 227 2282 P.
267 2238 477 2295 Scipionis
524 2240 867 2282 familiaritatem
916 2240 1066 2295 fuisse,
1114 2240 1268 2282 idonea
1315 2240 1421 2282 mihi

88 2297 209 2340 Laeli
239 2313 422 2354 persona
451 2299 545 2342 visa
576 2302 663 2354 est,
702 2314 810 2354 quae
842 2299 892 2341 de
924 2299 1112 2341 amicitia
1144 2314 1193 2341 ea
1220 2299 1315 2354 ipsa
1341 2299 1421 2340 dis-

89 2359 269 2412 sereret,
313 2372 420 2413 quae
460 2358 678 2414 disputata
720 2359 774 2400 ab
813 2372 862 2400 eo
900 2358 1166 2400 meminisset
1203 2356 1420 2401 Scaevola.

1070 2427 1140 2462 11*
