1663 2490
550 80 649 117 CAP.
678 85 827 116 24—26.
872 85 891 123 ς
918 84 1066 116 90—98.
1394 80 1476 122 193

138 205 332 233 severum
364 192 408 231 et
439 203 626 245 gravem.
671 188 834 237 Quibus
860 188 1083 230 blanditiis
1109 186 1154 230 O.
1178 187 1376 242 Papirius
1402 202 1475 230 nu·
1502 199 1545 230 96

136 264 213 305 per
243 248 450 290 influebat
481 247 526 288 in
558 248 673 289 auris
706 247 930 302 contionis,
962 261 1058 289 cum
1088 246 1221 288 ferret
1254 247 1393 302 legem
1427 247 1476 288 de

136 307 322 349 tribunis
354 306 493 362 plebis
525 306 780 348 reficiendis!
813 306 1107 348 Dissuasimus
1139 319 1236 359 nos;
1269 305 1342 346 sed
1367 305 1475 346 nihi-l

138 367 188 408 de
220 380 299 420 me,
332 365 382 407 de
414 363 611 419 Scipione
644 365 782 407 dicam
814 364 1043 406 lubentius.
1106 362 1276 412 Quanta
1307 364 1402 417 illa,
1434 363 1477 404 di

102 444 117 469 5
137 425 407 478 inmortales,
438 423 521 465 fuit
541 424 752 479 gravitas,
773 426 934 478 quanta
958 424 1002 464 in
1029 422 1222 465 oratione
1250 422 1475 464 maiestas!

136 486 185 526 ut
214 483 341 525 facile
374 483 521 525 ducem
553 482 702 538 populi
734 482 930 536 Romani,
961 496 1046 524 non
1076 482 1276 524 comitem
1304 481 1475 523 diceres.

136 541 219 584 Sed
257 542 477 595 adfuistis,
521 544 564 583 et
601 545 667 583 est
706 541 751 583 in
788 542 986 583 manibus
1013 541 1164 583 oratio.
1225 540 1377 594 Itaque
1409 541 1477 581 lex

136 601 359 657 popularis
392 600 610 656 suffragiis
652 600 802 655 populi
834 600 1058 656 repudiata
1090 602 1168 641 est.
1229 600 1391 654 Atque,
1428 602 1478 640 ut

136 660 189 702 ad
221 674 288 702 me
321 659 504 714 redeam,
536 659 806 713 meministis,
838 659 885 708 Q.
905 659 1119 712 Maxumo,
1149 658 1284 700 fratre
1317 656 1476 713 Scipio-

83 737 116 762 ιο
135 719 215 773 nis,
246 721 289 760 et
320 718 366 760 L.
397 718 596 761 Mancino
629 718 876 761 consulibus
909 733 1037 772 quam
1068 717 1290 773 popularis
1324 717 1393 758 lex
1426 716 1477 758 de

136 777 389 820 sacerdotiis
421 776 466 820 C.
500 777 639 820 Licini
664 776 809 820 Crassi
835 777 1079 819 videbatur!
1117 776 1336 831 cooptatio
1363 776 1476 817 enim

135 837 417 893 collegiorum
437 836 490 878 ad
511 836 660 892 populi
685 836 937 878 beneficium
960 835 1321 890 transferebatur3
1347 838 1476 890 atque

135 897 172 936 is
205 896 369 951 primus
401 895 592 936 instituit
617 896 661 936 in
686 895 826 937 forum
852 909 1000 937 versus
1028 908 1154 950 agere
1180 909 1277 936 cum
1301 895 1476 949 populo.

135 955 298 996 Tamen
329 954 446 996 illius
478 954 736 996 vendibilem
770 954 1009 996 orationem
1035 953 1187 1008 religio
1214 953 1390 995 deorum
1416 953 1476 994 in-

84 1032 115 1055 15
136 1013 385 1055 mortalium
416 1013 541 1054 nobis
574 1012 898 1054 defendentibus
923 1012 1050 1054 facile
1075 1011 1285 1053 vincebat.
1332 1012 1477 1065 Atque

134 1073 177 1114 id
209 1075 353 1114 actum
391 1074 458 1113 est
501 1074 699 1126 praetore
737 1086 804 1113 me
849 1070 1139 1126 quinquennio
1184 1073 1302 1125 ante,
1347 1085 1475 1125 quam

135 1131 283 1173 consul
315 1145 409 1172 sum
440 1130 599 1183 faetus3
630 1130 693 1172 ita
723 1144 769 1172 re
801 1130 939 1185 magis
972 1144 1101 1184 quam
1134 1143 1302 1171 summa
1334 1132 1476 1171 aucto·

134 1191 263 1232 ritate
295 1204 424 1231 causa
455 1189 533 1230 illa
565 1189 739 1231 defensa
771 1192 848 1230 est.

223 1247 384 1297 Quodsi
414 1249 458 1289 in
491 1263 656 1302 scaena,
687 1248 731 1289 id
756 1250 823 1289 est
853 1248 898 1288 in
926 1247 1136 1302 contione,
1167 1247 1213 1288 in
1239 1262 1322 1302 qua
1348 1247 1475 1289 rebus
1489 1220 1545 1303 2951

81 1326 115 1351 20
134 1308 247 1350 fictis
279 1310 323 1349 et
354 1307 620 1349 adumbratis
652 1307 736 1348 loci
767 1306 999 1362 plurimum
1031 1309 1117 1360 est,
1148 1309 1295 1347 tamen
1327 1321 1473 1348 verum

134 1368 264 1421 valet,
296 1366 332 1407 si
364 1366 490 1408 modo
522 1366 565 1407 id
590 1365 856 1421 patefactum
889 1368 932 1407 et
962 1365 1242 1407 inlustratum
1270 1368 1347 1420 est,
1374 1365 1475 1420 quid

133 1427 179 1467 in
211 1425 401 1467 amicitia
432 1425 525 1467 fieri
557 1427 741 1481 oportet,
773 1439 881 1479 quae
913 1427 1008 1466 tota
1038 1425 1221 1466 veritate
1255 1424 1475 1480 perpendi-

133 1484 235 1526 tur?
279 1484 324 1525 in
356 1499 440 1539 qua
470 1484 572 1538 nisi,
608 1486 657 1526 ut
695 1484 867 1534 dicitur,
912 1486 1108 1540 apertum
1145 1486 1293 1538 pectus
1331 1483 1475 1525 videas

134 1547 341 1598 tuumque
373 1543 593 1597 ostendas,
629 1542 738 1584 nihil
770 1543 920 1595 fidum,
959 1543 1069 1584 nihil
1102 1543 1371 1598 exploratum
1404 1543 1476 1584 ha·

81 1619 115 1645 25
135 1603 250 1657 beas,
280 1616 333 1643 ne
366 1617 510 1644 amare
543 1601 713 1656 quidem
746 1604 821 1643 aut
847 1601 995 1656 amari,
1021 1617 1128 1656 cum,
1153 1602 1196 1642 id
1223 1616 1351 1656 quam
1377 1616 1476 1643 vere

135 1662 224 1716 fiat,
253 1661 438 1717 ignores.
480 1660 749 1716 Quamquam
774 1661 861 1702 ista
881 1661 1136 1715 adsentatio,
1169 1660 1364 1716 quamvis
1385 1674 1476 1716 per-

134 1720 297 1762 niciosa
335 1720 411 1771 sit,
454 1734 606 1762 nocere
644 1722 791 1761 tamen
825 1719 987 1761 nemini
1018 1722 1163 1775 potest
1198 1719 1282 1761 nisi
1315 1719 1371 1773 ei,
1404 1718 1476 1774 qui

135 1794 230 1821 eam
260 1779 413 1834 recipit
444 1782 573 1833 atque
606 1793 656 1820 ea
687 1778 935 1820 delectatur.
984 1778 1053 1820 Ita
1083 1778 1150 1833 fit,
1181 1781 1230 1820 ut
1260 1778 1297 1820 is
1330 1778 1477 1820 adsen-

135 1837 351 1880 tatoribus
383 1838 617 1893 patefaciat
648 1852 773 1879 aures
805 1852 904 1879 suas
936 1837 1132 1888 maxime,
1165 1837 1237 1892 qui
1267 1837 1360 1892 ipse
1393 1837 1476 1878 sibi

101 1897 384 1939 aoadsentetur
422 1900 465 1938 et
502 1911 546 1938 se
586 1897 769 1938 maxime
800 1897 893 1952 ipse
932 1896 1124 1938 delectet.
1187 1895 1370 1938 Omnino
1410 1898 1476 1937 est
1503 1906 1546 1938 98

138 1970 286 1997 amans
318 1956 385 1998 sui
415 1956 571 2010 virtus3
603 1958 778 2010 optume
811 1955 923 1997 enim
957 1969 1001 1997 se
1032 1956 1128 2010 ipsa
1157 1955 1297 2010 novit,
1329 1969 1475 2009 quam-

137 2030 218 2069 que
251 2015 449 2056 amabilis
483 2015 557 2069 sit,
594 2015 822 2070 intellegit.
882 2013 978 2070 Ego
1018 2017 1161 2056 autem
1193 2028 1279 2056 non
1312 2013 1363 2055 de
1394 2014 1477 2055 vir-

135 2076 228 2115 tute
258 2088 370 2115 nunc
408 2074 581 2129 loquor,
620 2073 693 2115 sed
731 2074 781 2115 de
818 2073 992 2115 virtutis
1031 2073 1242 2128 opinione.
1269 2093 1278 2105 ι
1303 2071 1477 2114 Virtute

136 2133 249 2174 enim
281 2133 376 2188 ipsa
406 2147 493 2174 non
523 2136 614 2174 tam
653 2132 780 2174 multi
817 2132 1002 2187 praediti
1044 2147 1136 2174 esse
1176 2147 1304 2187 quam
1342 2132 1477 2173 videri

84 2208 117 2233 ³5
135 2191 299 2234 volunt.
343 2191 434 2233 Hos
468 2192 652 2234 delectat
684 2191 940 2246 adsentatio,
971 2191 1038 2233 his
1064 2191 1188 2233 fictus
1211 2191 1264 2233 ad
1283 2191 1476 2246 ipsorum

135 2250 404 2292 voluntatem
437 2265 576 2293 sermo
602 2265 698 2293 eum
724 2250 963 2305 adhibetur,
996 2251 1235 2293 orationem
1260 2250 1380 2292 illam
1408 2264 1477 2291 va-

135 2324 236 2350 nam
267 2310 562 2352 testimonium
596 2324 688 2352 esse
720 2309 894 2351 laudum
928 2324 1100 2352 suarum
1126 2311 1294 2365 putant.
1345 2307 1478 2350 Nulla

207 2384 278 2410 οπο.
298 2385 350 2411 1v.
371 2385 397 2410 8.
1152 2383 1193 2413 13
