1673 2505
253 98 339 139 304
768 96 1066 132 FRAGMENTA

674 231 762 268 XII.
793 230 866 268 AD
900 229 1166 270 CATONEM.

340 323 449 364 Non.
461 336 504 375 p.
524 324 610 363 438
621 334 677 374 sq.
698 319 832 362 ‘Plus'
851 319 881 373 †
899 321 1003 362 sicut
1019 322 1065 362 in
1077 322 1279 374 plerisque
1297 336 1399 375 quae
1419 322 1590 365 maioris
1658 327 1659 374 ξ

252 382 363 423 modi
392 385 465 435 est,
501 393 624 433 quam
654 380 924 421 necessarium
954 383 1030 429 est,·
1071 383 1188 432 atque
1217 382 1302 422 ideo
1333 381 1396 422 M.
1430 381 1590 423 Tullius
1657 378 1659 419 ἒ

252 440 282 493 †
306 440 442 481 maius
466 439 652 480 discrevit
675 438 846 491 epistula
870 439 927 479 ad
943 437 1157 480 Catonem:
1187 453 1265 480 nee
1294 439 1450 481 ideireo
1484 439 1589 480 mihi

254 497 529 539 deserendam
568 511 659 538 esse
698 496 954 552 dignitatem
986 511 1143 551 meam,
1183 497 1295 551 quod
1333 513 1425 539 eam
1464 498 1590 539 multi
1625 509 1657 541 ⁵

252 556 550 611 inpugnarinh,
589 556 662 597 sed
700 569 749 596 eo
788 555 928 609 magis
966 555 1254 610 recolendam,
1296 556 1407 610 quod
1445 557 1589 611 plures

254 615 547 656 desiderarint.

612 757 719 795 XIII.
762 757 835 794 AD
870 757 934 795 CA
942 757 1224 796 ERELLIAM.

345 850 381 892 1.
415 849 583 901 Quintil.
613 848 680 889 VI
699 851 737 890 3.
763 850 845 889 112
875 847 1020 889 Etiam
1050 848 1158 890 illud
1185 848 1329 902 (potest
1359 850 1464 890 inter
1492 850 1591 891 ridi-

252 908 343 950 cula
379 907 628 961 numerari),
665 907 773 959 quod
802 905 935 948 Cicero
972 906 1194 948 Caerelliae
1229 908 1389 961 scripsit
1423 909 1591 950 reddens
1610 920 1642 946 ιο

251 968 468 1020 rationem,
512 980 584 1007 eur
625 966 701 1007 illa
738 964 780 1007 C.
817 964 1005 1007 Caesaris
1048 969 1225 1019 tempora
1269 970 1352 1007 tani
1387 968 1591 1020 patienter

253 1026 459 1067 toleraret:
502 1024 620 1066 Haec
659 1027 733 1066 aut
766 1023 908 1065 animo
941 1022 1118 1065 Catonis
1155 1024 1330 1066 ferenda
1373 1028 1472 1066 sunt
1516 1028 1590 1067 aut

254 1083 469 1126 Ciceronis
495 1083 736 1137 stoma01103
768 1082 1024 1124 ‘stomachus’
1056 1085 1163 1124 enim
1193 1085 1261 1125 ille
1290 1084 1407 1126 habet
1434 1085 1594 1137 aliquid

252 1145 336 1185 ioco
367 1143 508 1184 simile.
1652 1196 1653 1199 Ἴ

341 1202 378 1243 2.
410 1201 620 1242 Ausonius
655 1201 701 1241 in
731 1201 908 1242 centonis
937 1201 1136 1253 nuptialis
1167 1201 1328 1254 epilogio.
1389 1202 1640 1243 Memine-15

251 1261 339 1301 rint
368 1285 422 1289 —
455 1261 603 1301 eruditi
638 1283 686 1288 —
721 1260 767 1299 in
791 1260 1015 1312 praeceptis
1046 1260 1230 1301 omnibus
1255 1259 1498 1314 (Ciceronis)
1523 1274 1590 1302 ex-
1652 1282 1653 1310 γ

253 1323 338 1360 tare
367 1320 624 1368 severitatem,
655 1319 701 1359 in
732 1318 914 1369 epistulis
944 1318 1000 1359 asl
1030 1316 1270 1359 Caerelliam
1300 1319 1453 1361 subesse
1475 1323 1589 1372 petu-
1651 1343 1652 1346 =

253 1379 437 1419 lantiam.
1651 1382 1652 1385 ’

636 1519 741 1556 XIV.
785 1519 857 1557 AD
893 1518 1196 1558 HOSTILIUM.

341 1608 497 1653 Charis.
529 1610 561 1651 I
580 1624 623 1663 p.
654 1613 745 1651 110.
776 1614 801 1651 1
832 1610 940 1651 Keil.
1003 1609 1215 1662 eRequies'
1247 1611 1471 1652 accusativo
1507 1625 1590 1653 non
1607 1623 1642 1648 20-

249 1670 352 1722 facit
389 1667 653 1722 ‘requietem'‚
689 1670 759 1710 secl
794 1667 1023 1722 ‘requiem’,
1060 1670 1244 1721 quamvis
1275 1668 1409 1711 Cicero
1440 1670 1591 1712 dixerit
1648 1661 1673 1685 ²

252 1728 486 1783 requietem
524 1729 579 1769 aa
608 1727 846 1769 Hostilium.
907 1726 990 1781 (Cf.
1028 1726 1155 1769 Char.
1184 1727 1218 1769 I
1235 1742 1279 1780 p.
1310 1730 1406 1770 142.
1439 1732 1476 1770 7.
1509 1728 1588 1771 Cic.
1647 1773 1649 1784 Ἃ

251 1789 297 1829 ale
326 1788 397 1840 fin.
437 1787 478 1828 V
501 1791 565 1828 19.
599 1789 665 1840 54,
698 1787 764 1840 legs.
797 1786 858 1827 II
882 1790 918 1828 1.
949 1789 989 1839 2,
1021 1786 1081 1827 Π
1106 1789 1172 1828 12.
1202 1789 1289 1836 29.)

598 1989 682 2026 XV.
727 1989 799 2026 AD
833 1987 913 2025 CN.
945 1987 1234 2026 POMPEIUM.

339 2078 419 2120 Cic.
443 2092 523 2132 pro
548 2078 668 2120 Sulla
692 2081 762 2121 24.
795 2082 851 2120 67
881 2079 966 2120 Hie
997 2082 1041 2120 tu
1071 2079 1284 2131 epistulam
1314 2093 1445 2120 meam
1475 2093 1589 2132 saepe
1607 2089 1646 2116 2⁵

250 2138 405 2187 recitas,
436 2151 559 2190 quam
590 2151 657 2191 690
687 2139 744 2179 acl
767 2136 838 2179 Cn.
865 2137 1104 2190 Pompeium
1128 2138 1175 2178 ele
1199 2139 1298 2179 ineis
1327 2138 1443 2179 rebus
1468 2139 1591 2191 [sestis
1643 2114 1645 2187 i

251 2199 288 2237 et
316 2197 363 2237 de
393 2209 553 2237 summa
583 2210 627 2237 re
650 2196 818 2249 publiea
853 2197 966 2250 misi,
1004 2199 1041 2237 et
1077 2209 1124 2238 ex
1160 2209 1207 2237 ea
1244 2197 1395 2238 crimen
1426 2197 1593 2250 aliquod
1643 2189 1645 2226 Ἴ

251 2255 296 2295 in
321 2254 369 2295 P.
396 2254 557 2296 Sullam
583 2255 746 2307 quaeris
776 2258 822 2308 et,
853 2255 891 2296 si
918 2256 1098 2307 furorem
1130 2255 1403 2297 incredibilem
1434 2255 1590 2297 biennio
1642 2227 1645 2292 l

251 2316 344 2354 ante
374 2317 599 2366 conceptum
629 2314 807 2366 erupisse
836 2314 881 2354 in
906 2327 990 2355 meo
1015 2314 1226 2355 consulatu
1250 2314 1404 2368 scripsi,
1436 2328 1498 2356 me
1521 2314 1592 2356 hoc
