1673 2505
337 61 636 98 ORATIONUM.
663 62 706 98 A.
733 62 802 97 XII
827 62 982 98 3—XIII
1008 64 1094 108 Arg.
1311 66 1393 107 271

54 168 210 223 vocari,
242 168 459 221 custodiri,
491 169 544 210 acl
577 171 773 210 senatum
806 169 957 211 adduci
988 170 1105 224 iussi,
1137 170 1168 223 †
1199 174 1395 214 senatum

56 228 91 269 si
122 226 372 281 interposui.
432 228 493 268 Et
524 231 627 268 totus
657 228 721 269 liic
753 228 860 270 locus
892 229 987 270 talis
1017 232 1083 270 est.

147 286 210 327 10.
236 285 318 326 Iul.
347 285 490 327 Victor.
517 289 554 327 6.
584 288 615 327 ,2
637 299 682 338 p.
706 289 801 328 398.
826 290 879 328 10
904 287 1048 328 Halm.
1079 287 1196 328 Haec
1225 288 1397 339 inferior

54 343 273 398 (definitio)
305 345 497 385 oratoriis
533 345 758 386 actionibus
794 345 993 386 dilatatur
1024 348 1061 386 et
1089 346 1221 399 mayis
1251 347 1395 388 descri-

20 416 35 441 5
49 403 256 456 ptionibus
291 405 329 443 et
362 403 560 444 eiusmodi
590 403 891 455 definitionibus
926 404 1168 457 explicatur,
1211 418 1314 457 quae
1350 419 1397 446 ex

46 461 238 514 pluribus
266 461 464 513 speciebus
494 474 579 501 rem
609 464 757 511 notent,
788 465 835 502 ut
858 462 921 503 M.
944 462 1105 504 Tullius
1135 467 1276 503 contra
1306 477 1395 505 con-

55 521 201 561 tionem
223 519 266 571 Q.
287 519 467 560 Metelli:
494 519 566 573 qui
593 519 783 560 animum
809 520 1013 562 hostilem
1040 521 1183 571 habeb,
1210 523 1252 562 et,
1277 522 1396 563 cuius

56 578 168 620 faeta
199 577 379 619 hostilia
412 580 512 618 sunt
543 581 580 619 et
609 581 747 619 cetera.

201 827 308 865 XIII.
352 828 410 865 IN
440 827 482 865 P.
515 826 754 866 CLODIUM
785 828 853 866 ET
886 828 927 867 C.
960 828 1246 868 CURIONEM.

6 925 37 950 10
154 915 262 951 ARG
272 915 559 951 UMENTUM
583 916 962 952 SCHOLIASTAE
984 917 1295 954 BOBIENSIS.

141 988 270 1039 Apud
305 988 481 1030 Graecos
523 988 646 1030 liuius
681 990 791 1031 modi
824 1003 972 1043 (fenera
1009 991 1241 1032 orationum
1280 990 1396 1033 ἐπαι-

54 1046 221 1087 νοῦντα
251 1045 324 1088 καὶ
355 1044 548 1100 ψέγοντα
578 1048 847 1089 nominantur
878 1050 1125 1090 continentia
1152 1049 1280 1100 ferme
1311 1050 1397 1091 lau-

54 1105 120 1146 des
151 1108 188 1146 et
216 1106 538 1158 vituperationes.
583 1106 680 1147 Non
707 1107 815 1148 enim
839 1108 899 1148 rei
915 1108 1182 1159 postulantur
1206 1121 1232 1148 a
1260 1108 1397 1150 Tullio

53 1163 113 1205 vel
145 1163 187 1206 C.
219 1163 343 1206 Curio
373 1165 433 1206 vel
463 1164 511 1206 P.
543 1163 728 1218 Clodius,
759 1166 837 1219 sed,
870 1166 1064 1218 quoniam
1095 1166 1323 1207 habuerant
1353 1168 1397 1208 in

5 1234 36 1260 15
53 1225 197 1264 senatu
226 1224 435 1276 quandam
464 1224 689 1276 iuryiosam
713 1224 1026 1278 decertationem,
1057 1225 1189 1266 visum
1215 1224 1398 1267 Ciceroni

54 1284 112 1323 est
133 1281 239 1323 lianc
263 1283 486 1324 orationem
511 1282 753 1324 conscribere
769 1283 937 1336 plenam
962 1284 1050 1324 sine
1080 1283 1199 1324 dubio
1224 1286 1261 1324 et
1284 1297 1396 1336 aspe-

53 1341 191 1382 ritatis
220 1344 257 1382 et
290 1341 550 1393 facetiarum,
587 1340 732 1393 quibus
766 1355 897 1383 mores
933 1342 1141 1394 utriusque
1170 1343 1400 1394 proscindit

55 1402 92 1440 et
119 1400 167 1440 de
195 1400 451 1453 sinyulorum
481 1401 592 1442 vitiis
621 1414 745 1452 quam
768 1403 901 1453 potest
929 1401 1182 1442 acerbissime
1208 1401 1396 1453 loquitur.

56 1457 136 1499 Sed
169 1459 278 1500 enim
301 1459 557 1512 principium
593 1458 715 1500 liuius
751 1459 927 1510 offensae
960 1459 1093 1511 fertur
1129 1473 1156 1499 a
1192 1459 1240 1500 P.
1277 1459 1398 1501 Clodi

6 1528 38 1554 20
56 1520 171 1558 reatu
189 1518 451 1567 descendisse;
471 1531 570 1558 nam
588 1518 700 1559 visus
718 1521 776 1559 est
803 1518 849 1559 in
868 1519 984 1559 domo
994 1518 1205 1570 pontificis
1223 1519 1398 1559 maximi

57 1575 100 1618 C.
138 1574 326 1618 Caesaris
367 1577 617 1628 eiusdemque
650 1577 856 1628 praetoris
897 1577 1090 1618 incestum
1131 1576 1270 1628 fecisse
1306 1590 1398 1617 cum

56 1635 141 1675 eius
164 1648 288 1676 itxore
311 1634 508 1688 Pompeia
532 1649 574 1676 eo
601 1638 782 1687 tempore,
813 1648 890 1688 quo
914 1649 991 1688 per
1017 1635 1192 1677 Vestales
1222 1635 1398 1688 viraines

56 1696 93 1735 et
120 1697 331 1735 matronas
359 1693 662 1735 honestissimas
693 1694 737 1734 in
768 1697 900 1746 operto
925 1694 1073 1735 Bonae
1100 1693 1213 1735 Deae
1242 1695 1397 1747 sacrifi-

56 1752 163 1794 cium
186 1753 288 1794 viris
311 1753 497 1794 omnibus
520 1753 767 1794 inaccessum
791 1753 931 1805 fiebat;
962 1753 1068 1794 unde
1098 1752 1231 1805 elapso
1263 1756 1398 1794 tamen

6 1821 38 1847 25
57 1809 195 1852 Clodio
231 1824 383 1864 mayna
418 1812 579 1853 invidia
602 1811 830 1864 percrebuit
857 1814 894 1852 et
922 1811 1101 1863 infamia
1132 1812 1397 1852 caerimonia-

55 1883 162 1920 rum,
192 1873 240 1911 ut
267 1873 430 1912 senatus
460 1871 664 1912 decernere
693 1873 893 1923 coyeretur
923 1871 1035 1911 omni
1065 1870 1276 1922 dil‘iyentia
1306 1883 1396 1911 con-

55 1928 191 1970 sulum
214 1930 579 1982 pervestiyandum7
609 1930 646 1970 si
675 1929 783 1981 quod
810 1932 908 1970 esset
929 1929 1106 1981 publicis
1135 1928 1398 1981 reliyionibus

57 1987 218 2028 illatum
260 1987 475 2040 flayitium.
547 1987 770 2029 Accedebat
809 1987 886 2028 hue
932 1988 1054 2028 etiam
1095 1987 1398 2039 praeiudicium

57 2046 257 2098 quoddam
289 2045 331 2088 C.
363 2045 550 2088 Caesaris
579 2047 709 2098 ipsius
732 2047 951 2099 pontificis,
981 2046 1053 2098 qui
1082 2059 1249 2087 uxorem
1279 2059 1399 2087 suam

9 2114 41 2140 30
59 2104 150 2145 ilico
179 2105 429 2157 repudiavi&
462 2108 559 2158 post
587 2106 695 2157 quod
722 2118 816 2145 reus
845 2106 892 2146 de
921 2105 1067 2146 incesto
1096 2104 1231 2156 factus
1262 2107 1319 2146 est
1348 2103 1397 2145 P.

59 2161 226 2205 Clodius
250 2167 461 2205 accusante
485 2164 533 2204 L.
552 2163 735 2216 Lentulo,
761 2163 990 2214 defendente
1009 2162 1051 2205 C.
1073 2161 1248 2205 Curione
1264 2165 1396 2216 patre.

58 2221 171 2263 Nam
201 2225 279 2263 tres
310 2223 395 2264 illis
420 2222 660 2274 temporibus
685 2221 879 2263 Curiones
909 2222 1077 2263 inlustri
1106 2222 1269 2263 nomine
1299 2222 1397 2262 exti-

58 2282 192 2322 terunt
224 2284 344 2333 atque
378 2282 439 2322 ita
476 2281 519 2322 in
558 2281 673 2322 libris
709 2280 841 2322 adhuc
868 2280 1081 2332 feruntur:
1123 2279 1248 2322 Curio
1287 2292 1398 2333 avus,
