1673 2505
105 586 149 615 41

107 2278 150 2307 43

175 59 202 99 2
212 59 262 100 10
716 58 980 93 PARADOXA

177 165 360 206 servitus
387 168 465 218 est,
497 165 532 206 si
558 165 663 207 haec
689 165 868 206 libertas
896 164 1132 206 existimari
1159 165 1334 220 potest?
1379 164 1518 214 Quid?

176 238 272 264 cum
310 223 556 278 cupiditatis
595 224 838 265 dominatus
878 223 1058 264 excessit
1097 225 1140 264 et
1184 224 1293 264 alius
1338 226 1404 264 est
1448 224 1517 265 do-

177 281 318 323 minus
344 284 517 323 exortus
544 296 594 322 ex
620 281 881 323 conscientia
905 284 1190 335 peccatorum,
1220 282 1363 336 timor,
1390 296 1518 335 quam

177 343 243 381 est
275 340 352 381 illa
383 340 556 393 misera,
595 354 724 393 quam
757 339 862 380 dura
894 339 1096 381 servitus!
1158 339 1517 382 Adulescentibus

176 399 306 453 paulo
346 398 663 452 loquacioribus
702 400 767 438 est
806 397 1092 450 serviendum,
1130 413 1295 451 omnes,
1334 400 1406 453 qui
1444 399 1518 440 ali·
1555 411 1571 435 5

177 457 279 510 quid
312 457 418 498 scire
450 457 660 509 videntur,
692 458 913 509 tamquam
940 456 1101 497 domini
1126 456 1342 498 timentur.
1386 457 1518 498 Iudex

177 530 278 556 vero
311 517 520 568 quantum
551 514 684 556 habet
711 514 994 556 dominatum!
1028 529 1111 569 quo
1137 515 1291 556 timore
1316 519 1518 557 nocentes

179 574 337 614 adficit!
406 572 477 613 An
519 587 606 614 non
650 575 715 614 est
760 573 898 614 omnis
944 575 1083 614 metus
1128 573 1341 615 servitus?
1409 573 1519 622 Quid

177 633 294 673 valet
326 631 461 687 igitur
491 631 568 672 illa
600 631 941 685 eloquentissimi
966 631 1058 685 viri,
1089 630 1135 672 L.
1156 630 1313 686 Crassi,
1345 633 1519 687 copiosa

177 691 317 745 magis
350 704 478 744 quam
511 689 680 744 sapiens
708 690 864 731 oratio:
897 689 1119 744 eEripite
1150 704 1241 731 nos
1274 704 1330 730 ex
1362 691 1518 732 servi·
1541 703 1571 727 10

176 748 339 790 tute'?
383 747 499 796 Quae
527 751 593 789 est
618 748 702 789 ista
728 748 911 789 servitus
944 751 1035 789 tam
1067 748 1183 790 claro
1215 748 1380 790 homini
1410 751 1518 790 tam-

178 821 259 860 que
301 806 470 848 nobili?
540 806 689 848 Omnis
734 806 865 848 animi
908 806 1122 848 debilitati
1166 809 1208 848 et
1257 806 1433 848 humilis
1477 809 1520 849 et

176 865 305 906 fracti
344 865 555 906 timiditas
595 865 778 906 servitus
817 867 894 906 est.
957 864 1119 906 ‘Nolite
1158 865 1295 906 sinere
1327 880 1404 907 nos
1437 865 1519 907 cui-

178 938 307 976 quam
340 922 526 965 servire.'
570 923 622 964 In
654 923 901 965 libertatem
927 923 1135 965 vindicari
1159 924 1280 965 volt‘?
1324 923 1519 977 Minime3

178 982 279 1035 quid
317 983 428 1023 enim
467 982 692 1038 adiungit?
754 981 871 1023 ‘Nisi
908 982 1030 1023 vobis
1073 981 1311 1023 universis.9
1373 981 1518 1024 Domi·
1541 995 1572 1019 15

176 1056 279 1081 num
311 1043 495 1094 mutare,
536 1055 623 1082 non
655 1040 764 1082 liber
796 1055 888 1082 esse
919 1041 1023 1082 volt.
1086 1039 1264 1089 ‘Quibus
1298 1043 1341 1082 et
1372 1055 1519 1096 possu-

177 1114 271 1140 mus
305 1102 347 1140 et
379 1099 609 1140 debemus.’
665 1098 756 1141 Nos
789 1114 902 1153 vero,
933 1099 1143 1154 siquidem
1176 1099 1318 1141 animo
1352 1099 1518 1141 excelso

177 1160 220 1198 et
252 1158 342 1199 alto
375 1160 417 1199 et
448 1157 682 1199 virtutibus
716 1161 977 1213 exaggerato
1010 1172 1177 1211 sumus,
1208 1172 1285 1199 nec
1317 1157 1518 1199 debemus

175 1231 253 1257 nec
290 1230 536 1271 possumus;
579 1218 628 1257 tu
664 1231 790 1271 posse
828 1219 870 1257 te
909 1216 1056 1270 dicito,
1101 1216 1303 1270 quoniam
1348 1216 1518 1271 quidem

176 1277 312 1329 potes,
345 1275 498 1315 debere
528 1289 582 1315 ne
614 1274 783 1328 dixeris,
816 1275 1018 1329 quoniam
1048 1274 1157 1316 nihil
1191 1275 1419 1329 quisquam
1452 1275 1517 1316 de·
1539 1288 1572 1313 20

177 1334 262 1387 bet,
294 1333 377 1374 nisi
403 1332 516 1387 quod
542 1335 608 1374 est
633 1335 759 1387 turpe
783 1347 870 1374 non
895 1333 1079 1374 reddere.
1129 1331 1212 1374 Sed
1242 1333 1348 1374 haec
1378 1333 1519 1375 hacte-

176 1406 268 1432 nus.
329 1390 410 1432 Ille
454 1391 614 1444 videat,
660 1405 747 1447 quq
786 1389 913 1433 medo
956 1391 1193 1446 imperator
1237 1406 1328 1433 esse
1369 1391 1519 1447 possit,

177 1465 272 1491 cum
317 1464 413 1491 eum
456 1463 509 1491 ne
553 1450 952 1503 liberum‘quidem
991 1464 1082 1491 esse
1123 1450 1234 1491 ratio
1274 1452 1316 1491 et
1360 1450 1518 1492 veritas

176 1509 272 1563 ipsa
305 1507 543 1550 convincat.

590 1635 998 1678 PARADOXON
1031 1636 1104 1678 VI.
1539 1649 1572 1674 25

283 1704 375 1748 Ὅτι
407 1704 543 1760 μόνος
576 1702 598 1747 ὁ
633 1703 773 1760 σοφὸς
803 1704 1025 1756 πλούσιος.

265 1799 381 1849 Quae
415 1803 480 1841 est
511 1800 597 1841 ista
627 1800 672 1841 in
707 1800 1081 1841 commemoranda
1113 1801 1291 1854 pecunia
1322 1803 1398 1842 tua
1429 1803 1518 1842 tam

176 1859 366 1900 insolens
411 1857 675 1900 ostentatio?
747 1858 918 1899 solusne
962 1861 1010 1899 tu
1054 1859 1200 1900 dives?
1242 1874 1320 1914 pro
1363 1859 1405 1900 di
1442 1860 1519 1900 im-

178 1918 401 1958 mortales!
443 1931 578 1971 egone
617 1931 683 1958 me
722 1916 889 1958 audisse
928 1916 1089 1971 aliquid
1122 1919 1164 1958 et
1205 1917 1402 1958 didicisse
1433 1933 1520 1959 non

178 1975 418 2030 gaudeam?
468 1974 649 2016 Solusne
677 1974 823 2016 dives?
873 1973 994 2029 Quid,
1026 1975 1063 2016 si
1092 1990 1145 2016 ne
1169 1975 1285 2017 dives
1319 1976 1520 2030 quidem?
1540 1989 1574 2013 30

179 2034 291 2087 quid,
324 2034 359 2074 si
392 2048 555 2088 pauper
587 2033 747 2074 etiam?
798 2031 932 2081 Quem
959 2033 1072 2074 enim
1097 2033 1390 2089 intellegimus
1418 2034 1520 2075 divi-

177 2095 266 2133 tem
298 2094 372 2133 aut
397 2092 478 2133 hoc
504 2093 682 2133 verbum
706 2091 751 2133 in
778 2106 861 2146 quo
886 2091 1058 2133 homine
1084 2093 1313 2146 ponimus?
1359 2092 1521 2147 Opinor

176 2151 221 2191 in
247 2164 308 2204 eo,
344 2150 445 2204 quoi
470 2153 594 2191 tanta
619 2150 834 2205 possessio
862 2149 930 2204 sit,
961 2152 1009 2191 ut
1035 2150 1088 2191 ad
1113 2150 1354 2192 liberaliter
1379 2151 1520 2193 viven-

178 2209 279 2250 dum
302 2208 429 2250 facile
456 2211 683 2249 contentus
710 2208 778 2261 sit,
804 2208 877 2262 qui
900 2208 1009 2249 nihil
1037 2212 1226 2263 quaerat,
1258 2209 1366 2251 nihil
1394 2225 1520 2264 appe-

177 2269 262 2321 tat,
305 2267 414 2308 nihil
460 2269 581 2320 optet
626 2266 822 2321 amplius.
890 2266 1070 2308 Animus
1116 2270 1288 2322 oportet
1332 2270 1432 2309 tuus
1477 2282 1522 2309 se
1541 2280 1574 2305 35
