1663 2490
412 46 500 82 LIB.
528 47 573 82 11.
626 45 725 82 CAP.
753 50 854 81 3-5,
905 50 924 88 ἓ
952 50 1098 81 11-16.
1371 47 1423 88 61

89 156 161 209 iis,
199 169 307 209 quae
346 155 433 196 sint
470 154 701 208 inanimae,
738 153 1046 208 percipiantur,
1087 167 1158 194 eas
1195 167 1274 195 nos
1305 154 1426 196 nullo

91 214 216 256 modo
243 213 333 255 sine
358 212 581 254 hominum
605 227 735 254 manu
755 215 882 266 atque
903 226 1034 266 opera
1053 226 1203 266 capere
1222 212 1427 266 potuisse.

44 280 47 282 “
89 271 171 321 Qui
203 271 382 325 denique
415 285 465 313 ex
497 270 646 312 bestiis
679 270 843 312 fructus
876 273 950 312 aut
988 284 1095 324 quae
1133 270 1427 324 commoditas,

87 330 172 373 nisi
202 329 398 372 homines
432 329 697 382 adiuvarent,
728 329 889 384 percipi
920 329 1096 384 posset?
1145 327 1258 370 Nam
1286 331 1329 370 et
1354 329 1426 383 qui

53 401 69 426 5
88 388 302 444 principes
339 387 581 430 inveniendi
618 387 808 441 fuerunt,
849 402 974 442 quem
1013 401 1062 429 ex
1101 402 1267 441 quaque
1299 387 1427 429 belua

88 462 213 490 usum
250 447 408 489 habere
446 460 687 501 possemus,
731 446 925 488 homines
964 449 1076 487 certe
1117 445 1307 499 fuerunt,
1350 460 1427 487 nec

88 506 170 548 hoc
201 509 394 560 tempore
427 505 517 546 sine
549 505 771 546 hominum
798 519 928 560 opera
954 508 1028 546 aut
1053 519 1228 560 pascere
1253 519 1325 546 eas
1353 509 1427 546 aut

90 565 263 606 domare
289 567 364 605 aut
388 564 500 604 tueri
526 566 601 605 aut
626 564 907 618 tempestivos
933 562 1097 605 fructus
1123 578 1173 604 ex
1199 563 1251 604 iis
1278 577 1426 618 capere

88 637 330 679 possemus3
371 622 424 663 ab
457 622 700 676 eisdemque
733 625 791 675 et,
825 636 932 676 quae
963 625 1139 676 nocent,
1170 622 1427 664 interficiun-

37 694 70 718 ιο
89 685 161 724 tur
191 684 246 736 et,
278 695 385 736 quae
417 681 511 722 usui
544 684 726 735 possunt
758 695 861 734 esse,
894 681 1132 736 capiuntur.
1188 679 1298 729 Quid
1330 695 1427 722 enu-

89 755 249 782 merem
281 740 439 782 artium
471 739 802 794 multitudinem,
835 740 925 781 sine
957 739 1111 794 quibus
1138 740 1229 781 vita
1254 739 1427 781 omnino

88 800 209 841 nulla
247 813 339 840 esse
375 798 616 853 potuisset?
679 797 760 847 Qui
798 798 910 840 enim
943 799 1084 854 aegris
1118 798 1428 852 subveniretur,

90 873 198 912 quae
230 860 344 899 esset
372 857 603 899 oblectatio
629 857 877 911 valentium,
910 858 982 911 qui
1008 857 1146 899 victus
1174 860 1248 898 aut
1274 858 1429 910 cultus,

88 917 172 958 nisi
215 918 305 958 tam
349 917 511 958 multae
556 915 682 957 nobis
732 918 847 957 artes
897 915 1222 957 ministrarent?
1274 916 1428 970 quibus

37 986 69 1012 15
89 976 215 1017 rebus
253 975 423 1016 exculta
458 974 680 1016 hominum
718 974 809 1015 vita
852 977 1022 1015 tantum
1067 974 1201 1015 distat
1245 989 1269 1015 a
1312 975 1429 1016 victu

90 1037 132 1076 et
164 1034 281 1076 cultu
313 1033 563 1075 bestiarum.
618 1032 758 1074 Urbes
790 1047 891 1073 vero
925 1033 1015 1074 sine
1049 1033 1273 1074 hominum
1305 1036 1429 1074 coetu

88 1107 173 1134 non
205 1092 448 1148 potuissent
478 1107 554 1133 nec
587 1091 802 1133 aedificari
833 1106 910 1132 nec
941 1091 1224 1146 frequentari3
1262 1106 1311 1132 ex
1345 1106 1428 1146 quo

89 1153 206 1208 leges
238 1165 463 1205 moresque
495 1150 736 1204 constituti,
774 1153 867 1191 tum
899 1150 1004 1191 iuris
1038 1165 1174 1204 aequa
1205 1150 1428 1205 discriptio

89 1213 289 1264 certaque
324 1209 494 1251 vivendi
533 1209 777 1264 disciplina3
815 1222 922 1263 quas
960 1223 1027 1250 res
1066 1212 1108 1250 et
1145 1209 1428 1251 mansuetudo

36 1281 70 1306 20
90 1269 330 1311 animorum
371 1271 600 1310 consecuta
643 1270 686 1308 et
728 1267 983 1309 verecundia
1026 1271 1092 1309 est
1135 1268 1429 1322 effectumque,

89 1331 138 1369 ut
169 1330 285 1370 esset
316 1327 406 1368 vita
437 1327 661 1379 munitior,
697 1328 826 1381 atque
857 1329 906 1367 ut
937 1326 1076 1368 dando
1109 1329 1152 1368 et
1183 1327 1428 1381 accipiendo

89 1386 419 1440 mutuandisque
454 1385 737 1427 facultatibus
775 1388 819 1426 et
862 1385 1182 1427 commodandis
1225 1386 1348 1427 nulla
1384 1400 1429 1426 re

91 1459 325 1502 egeremus.

179 1503 416 1560 Longiores
442 1504 522 1545 hoc
548 1503 641 1545 loco
670 1517 828 1556 sumus,
855 1518 983 1557 quam
1008 1517 1180 1544 necesse
1207 1506 1283 1544 est.
1325 1502 1429 1551 Quis

36 1574 70 1600 25
91 1566 157 1605 est
196 1563 326 1616 enim,
364 1562 430 1604 cui
460 1576 545 1604 non
584 1562 812 1617 perspicua
842 1562 929 1603 sint
959 1562 1054 1615 illa,
1093 1576 1201 1616 quae
1232 1562 1429 1617 pluribus

90 1621 233 1663 verbis
272 1636 297 1662 a
333 1620 539 1662 Panaetio
584 1623 992 1674 commemorantur,
1035 1621 1249 1662 neminem
1292 1635 1429 1675 neque

91 1681 239 1723 ducem
270 1680 386 1721 bello
418 1694 496 1721 nec
526 1679 764 1734 principem
796 1679 911 1721 domi
941 1693 1121 1735 magnas
1153 1693 1221 1720 res
1252 1683 1294 1720 et
1319 1680 1430 1721 salu-

90 1742 205 1781 tares
244 1739 335 1780 sine
372 1738 597 1780 hominum
635 1738 788 1780 studiis
833 1752 979 1794 gerere
1022 1738 1245 1793 potuisse?
1307 1737 1430 1780 Com-

91 1800 355 1840 memoratur
385 1797 439 1839 ab
472 1811 520 1838 eo
553 1796 876 1850 Themistocles,
906 1796 1104 1851 Pericles,
1137 1795 1285 1851 Cyrus,
1318 1797 1429 1852 Age-

38 1867 72 1893 30
91 1857 235 1910 silaus,
261 1855 515 1910 Alexander,
542 1870 648 1910 quos
667 1858 799 1912 negat
820 1856 910 1897 sine
931 1855 1186 1897 adiumentis
1206 1855 1430 1897 hominum

89 1918 234 1957 tantas
273 1929 340 1956 res
379 1914 544 1957 efficere
581 1915 784 1969 potuisse.
848 1914 997 1956 Utitur
1030 1915 1074 1955 in
1106 1929 1152 1955 re
1182 1929 1269 1956 non
1301 1914 1430 1956 dubia

90 1974 275 2016 testibus
306 1988 394 2015 non
423 1973 687 2015 necessariis.
748 1973 892 2028 Atque
922 1976 972 2015 ut
1002 1987 1182 2029 magnas
1216 1973 1429 2015 utilitates

92 2032 368 2088 adipiscimur
408 2032 726 2087 conspiratione
769 2032 992 2074 hominum
1036 2035 1164 2086 atque
1208 2046 1429 2085 consensu,

92 2092 152 2134 sic
182 2092 303 2133 nulla
333 2096 423 2133 tam
456 2091 724 2132 detestabilis
750 2091 884 2146 pestis
912 2095 989 2145 est,
1022 2105 1129 2145 quae
1154 2105 1240 2132 non
1265 2091 1430 2133 homini

38 2161 73 2188 ³5
92 2151 145 2192 ab
177 2150 349 2192 homine
379 2152 591 2191 nascatur.
641 2149 722 2191 Est
746 2149 999 2191 Dicaearchi
1024 2150 1135 2191 liber
1167 2149 1218 2191 de
1248 2149 1429 2191 interitu

90 2209 333 2263 hominum,
363 2207 639 2263 Peripatetici
672 2209 819 2264 magni
851 2211 894 2250 et
925 2208 1099 2264 copiosi,
1131 2209 1204 2263 qui
1236 2209 1428 2250 collectis

92 2269 244 2310 ceteris
275 2267 414 2310 causis
447 2267 668 2320 eluvionis,
700 2267 988 2323 pestilentiae,
1019 2267 1254 2321 vastitatis,
1285 2267 1428 2309 belua-

1456 691 1496 721 15

1456 1482 1483 1522 5

1458 1533 1498 1564 ιε
