<?xml version="1.0" encoding="UTF-8"?>
<!DOCTYPE html PUBLIC "-//W3C//DTD XHTML 1.0 Transitional//EN"
    "http://www.w3.org/TR/xhtml1/DTD/xhtml1-transitional.dtd">
<html xmlns="http://www.w3.org/1999/xhtml" xml:lang="en" lang="en">
 <head>
  <title>
</title>
<meta http-equiv="Content-Type" content="text/html;charset=utf-8" />
  <meta name='ocr-system' content='tesseract 3.04.00' />
  <meta name='ocr-capabilities' content='ocr_page ocr_carea ocr_par ocr_line ocrx_word'/>
</head>
<body>
  <div class='ocr_page' id='page_1' title='image "./p3scriptaquaemanse04ciceuoft_0412.png"; bbox 0 0 1673 2505; ppageno 0'>
   <div class='ocr_carea' id='block_1_1' title="bbox 221 91 1029 133">
    <p class='ocr_par' dir='ltr' id='par_1_1' title="bbox 221 91 1029 133">
     <span class='ocr_line' id='line_1_1' title="bbox 221 91 1029 133; baseline -0.011 0"><span class='ocrx_word' id='word_1_1' title='bbox 221 93 308 133; x_wconf 84' lang='lat'><em>344</em></span> <span class='ocrx_word' id='word_1_2' title='bbox 730 91 1029 126; x_wconf 84' lang='lat' dir='ltr'><strong>FRAGMENTA</strong></span> 
     </span>
    </p>
   </div>
   <div class='ocr_carea' id='block_1_2' title="bbox 216 198 1673 1601">
    <p class='ocr_par' dir='ltr' id='par_1_2' title="bbox 216 198 1555 604">
     <span class='ocr_line' id='line_1_2' title="bbox 220 198 1554 254; baseline 0.001 -13"><span class='ocrx_word' id='word_1_3' title='bbox 220 215 333 254; x_wconf 78' lang='lat' dir='ltr'><em>mus,</em></span> <span class='ocrx_word' id='word_1_4' title='bbox 377 202 418 241; x_wconf 74' lang='lat' dir='ltr'><em>te</em></span> <span class='ocrx_word' id='word_1_5' title='bbox 460 200 585 241; x_wconf 89' lang='lat' dir='ltr'><em>nobis</em></span> <span class='ocrx_word' id='word_1_6' title='bbox 622 199 789 240; x_wconf 81' lang='lat' dir='ltr'><em>varium</em></span> <span class='ocrx_word' id='word_1_7' title='bbox 831 199 1017 253; x_wconf 75' lang='lat' dir='ltr'><em>reliquit.</em></span> <span class='ocrx_word' id='word_1_8' title='bbox 1084 198 1165 241; x_wconf 81' lang='lat' dir='ltr'><em>Sed</em></span> <span class='ocrx_word' id='word_1_9' title='bbox 1200 200 1304 242; x_wconf 80' lang='lat' dir='ltr'><em>illud</em></span> <span class='ocrx_word' id='word_1_10' title='bbox 1338 213 1387 242; x_wconf 75' lang='lat' dir='ltr'><em>ex</em></span> <span class='ocrx_word' id='word_1_11' title='bbox 1423 202 1554 242; x_wconf 85' lang='lat' dir='ltr'><em>eodem</em></span> 
     </span>
     <span class='ocr_line' id='line_1_3' title="bbox 216 257 1554 312; baseline 0 -12"><span class='ocrx_word' id='word_1_12' title='bbox 216 273 357 312; x_wconf 73' lang='lat' dir='ltr'><em>yenere</em></span> <span class='ocrx_word' id='word_1_13' title='bbox 389 259 673 311; x_wconf 74' lang='lat' dir='ltr'><em>praeclarum:</em></span> <span class='ocrx_word' id='word_1_14' title='bbox 717 257 820 300; x_wconf 82' lang='lat' dir='ltr'><em>Cum</em></span> <span class='ocrx_word' id='word_1_15' title='bbox 862 258 1027 298; x_wconf 88' lang='lat' dir='ltr'><em>obiceret</em></span> <span class='ocrx_word' id='word_1_16' title='bbox 1067 258 1219 299; x_wconf 88' lang='lat' dir='ltr'><em>Miloni</em></span> <span class='ocrx_word' id='word_1_17' title='bbox 1260 261 1468 301; x_wconf 86' lang='lat' dir='ltr'><em>accusator</em></span> <span class='ocrx_word' id='word_1_18' title='bbox 1509 260 1554 300; x_wconf 84' lang='lat' dir='ltr'><em>in</em></span> 
     </span>
     <span class='ocr_line' id='line_1_4' title="bbox 219 315 1555 371; baseline 0 -12"><span class='ocrx_word' id='word_1_19' title='bbox 219 321 501 371; x_wconf 76' lang='lat' dir='ltr'><em>aryumentum</em></span> <span class='ocrx_word' id='word_1_20' title='bbox 529 317 734 368; x_wconf 81' lang='lat' dir='ltr'><em>factarum</em></span> <span class='ocrx_word' id='word_1_21' title='bbox 767 315 909 357; x_wconf 84' lang='lat' dir='ltr'><em>Clodio</em></span> <span class='ocrx_word' id='word_1_22' title='bbox 939 316 1204 369; x_wconf 81' lang='lat' dir='ltr'><em>insidiarum,</em></span> <span class='ocrx_word' id='word_1_23' title='bbox 1234 319 1340 370; x_wconf 77' lang='lat' dir='ltr'><em>quod</em></span> <span class='ocrx_word' id='word_1_24' title='bbox 1368 317 1555 359; x_wconf 83' lang='lat' dir='ltr'><em>Bovillas</em></span> 
     </span>
     <span class='ocr_line' id='line_1_5' title="bbox 219 374 1552 428; baseline -0.001 -10"><span class='ocrx_word' id='word_1_25' title='bbox 219 380 313 418; x_wconf 91' lang='lat' dir='ltr'><em>ante</em></span> <span class='ocrx_word' id='word_1_26' title='bbox 347 376 489 417; x_wconf 79' lang='lat' dir='ltr'><em>horam</em></span> <span class='ocrx_word' id='word_1_27' title='bbox 525 388 677 416; x_wconf 92' lang='lat' dir='ltr'><em>nonam</em></span> <span class='ocrx_word' id='word_1_28' title='bbox 706 375 946 428; x_wconf 75' lang='lat' dir='ltr'><em>devertisset,</em></span> <span class='ocrx_word' id='word_1_29' title='bbox 982 377 1029 415; x_wconf 88' lang='lat' dir='ltr'><em>ut</em></span> <span class='ocrx_word' id='word_1_30' title='bbox 1057 379 1292 427; x_wconf 75' lang='lat' dir='ltr'><em>expectaret,</em></span> <span class='ocrx_word' id='word_1_31' title='bbox 1329 377 1426 417; x_wconf 89' lang='lat' dir='ltr'><em>dum</em></span> <span class='ocrx_word' id='word_1_32' title='bbox 1463 374 1552 418; x_wconf 82' lang='lat' dir='ltr'><em>Glo-</em></span> 
     </span>
     <span class='ocr_line' id='line_1_6' title="bbox 219 433 1552 488; baseline -0.002 -11"><span class='ocrx_word' id='word_1_33' title='bbox 219 437 311 477; x_wconf 88' lang='lat' dir='ltr'><em>dius</em></span> <span class='ocrx_word' id='word_1_34' title='bbox 348 451 372 476; x_wconf 83' lang='lat' dir='ltr'><em>a</em></span> <span class='ocrx_word' id='word_1_35' title='bbox 408 434 508 475; x_wconf 85' lang='lat' dir='ltr'><em>villa</em></span> <span class='ocrx_word' id='word_1_36' title='bbox 542 446 620 474; x_wconf 87' lang='lat' dir='ltr'><em>sua</em></span> <span class='ocrx_word' id='word_1_37' title='bbox 655 434 796 483; x_wconf 65' lang='lat' dir='ltr'><em>exiret,</em></span> <span class='ocrx_word' id='word_1_38' title='bbox 839 436 877 474; x_wconf 90' lang='lat' dir='ltr'><em>et</em></span> <span class='ocrx_word' id='word_1_39' title='bbox 909 433 1125 474; x_wconf 71' lang='lat' dir='ltr'><em>identidem</em></span> <span class='ocrx_word' id='word_1_40' title='bbox 1162 434 1440 488; x_wconf 73' lang='lat' dir='ltr'><em>interroyaret‚</em></span> <span class='ocrx_word' id='word_1_41' title='bbox 1477 448 1552 487; x_wconf 82' lang='lat' dir='ltr'><em>quo</em></span> 
     </span>
     <span class='ocr_line' id='line_1_7' title="bbox 220 490 1554 547; baseline -0.001 -12"><span class='ocrx_word' id='word_1_42' title='bbox 220 497 391 547; x_wconf 73' lang='lat' dir='ltr'><em>tempore</em></span> <span class='ocrx_word' id='word_1_43' title='bbox 433 491 598 534; x_wconf 76' lang='lat' dir='ltr'><em>Clodius</em></span> <span class='ocrx_word' id='word_1_44' title='bbox 641 493 790 533; x_wconf 84' lang='lat' dir='ltr'><em>occisus</em></span> <span class='ocrx_word' id='word_1_45' title='bbox 832 495 945 545; x_wconf 70' lang='lat' dir='ltr'><em>esset,</em></span> <span class='ocrx_word' id='word_1_46' title='bbox 987 493 1213 544; x_wconf 70' lang='lat' dir='ltr'><em>respondit:</em></span> <span class='ocrx_word' id='word_1_47' title='bbox 1258 490 1372 534; x_wconf 86' lang='lat' dir='ltr'><em>Sero.</em></span> <span class='ocrx_word' id='word_1_48' title='bbox 1412 517 1462 522; x_wconf 91' lang='lat'><strong>—</strong></span> <span class='ocrx_word' id='word_1_49' title='bbox 1510 493 1554 534; x_wconf 89' lang='lat' dir='ltr'><em>V.</em></span> 
     </span>
     <span class='ocr_line' id='line_1_8' title="bbox 218 553 636 604; baseline -0.005 -11"><span class='ocrx_word' id='word_1_50' title='bbox 218 566 345 604; x_wconf 72' lang='lat' dir='ltr'><em>supra</em></span> <span class='ocrx_word' id='word_1_51' title='bbox 368 565 412 604; x_wconf 73' lang='lat' dir='ltr'><em>p.</em></span> <span class='ocrx_word' id='word_1_52' title='bbox 443 553 540 592; x_wconf 86' lang='grc'><em>286.</em></span> <span class='ocrx_word' id='word_1_53' title='bbox 571 554 636 591; x_wconf 83' lang='grc'><em>19.</em></span> 
     </span>
    </p>

    <p class='ocr_par' dir='ltr' id='par_1_3' title="bbox 219 608 1555 781">
     <span class='ocr_line' id='line_1_9' title="bbox 309 608 1555 662; baseline -0.001 -11"><span class='ocrx_word' id='word_1_54' title='bbox 309 611 346 652; x_wconf 85' lang='grc'><em>8.</em></span> <span class='ocrx_word' id='word_1_55' title='bbox 377 609 512 662; x_wconf 74' lang='lat' dir='ltr'><em>Quint.</em></span> <span class='ocrx_word' id='word_1_56' title='bbox 540 608 603 650; x_wconf 91' lang='lat' dir='ltr'><em>VI</em></span> <span class='ocrx_word' id='word_1_57' title='bbox 625 612 663 650; x_wconf 90' lang='lat'><em>3.</em></span> <span class='ocrx_word' id='word_1_58' title='bbox 690 611 746 650; x_wconf 86' lang='grc'><em>62</em></span> <span class='ocrx_word' id='word_1_59' title='bbox 775 609 892 651; x_wconf 90' lang='lat' dir='ltr'><em>Idem</em></span> <span class='ocrx_word' id='word_1_60' title='bbox 915 623 991 661; x_wconf 76' lang='lat' dir='ltr'><em>per</em></span> <span class='ocrx_word' id='word_1_61' title='bbox 1021 609 1259 662; x_wconf 64' lang='lat' dir='ltr'><em>allegoriam</em></span> <span class='ocrx_word' id='word_1_62' title='bbox 1284 610 1347 651; x_wconf 88' lang='lat' dir='ltr'><em>M.</em></span> <span class='ocrx_word' id='word_1_63' title='bbox 1373 608 1555 652; x_wconf 81' lang='lat' dir='ltr'><em>Caelium</em></span> 
     </span>
     <span class='ocr_line' id='line_1_10' title="bbox 219 668 1555 720; baseline -0.001 -11"><span class='ocrx_word' id='word_1_64' title='bbox 219 670 362 710; x_wconf 84' lang='lat' dir='ltr'><em>melius</em></span> <span class='ocrx_word' id='word_1_65' title='bbox 387 668 614 709; x_wconf 72' lang='lat' dir='ltr'><em>obicientem</em></span> <span class='ocrx_word' id='word_1_66' title='bbox 640 668 816 708; x_wconf 82' lang='lat' dir='ltr'><em>crimina</em></span> <span class='ocrx_word' id='word_1_67' title='bbox 841 681 964 720; x_wconf 80' lang='lat' dir='ltr'><em>quam</em></span> <span class='ocrx_word' id='word_1_68' title='bbox 989 668 1258 719; x_wconf 77' lang='lat' dir='ltr'><em>defendentem</em></span> <span class='ocrx_word' id='word_1_69' title='bbox 1277 669 1436 709; x_wconf 84' lang='lat' dir='ltr'><em>bonam</em></span> <span class='ocrx_word' id='word_1_70' title='bbox 1462 668 1555 709; x_wconf 81' lang='lat' dir='ltr'><em>dex—</em></span> 
     </span>
     <span class='ocr_line' id='line_1_11' title="bbox 221 726 1179 781; baseline -0.001 -13"><span class='ocrx_word' id='word_1_71' title='bbox 221 730 350 781; x_wconf 72' lang='lat' dir='ltr'><em>tram,</em></span> <span class='ocrx_word' id='word_1_72' title='bbox 382 727 542 767; x_wconf 83' lang='lat' dir='ltr'><em>malam</em></span> <span class='ocrx_word' id='word_1_73' title='bbox 576 726 795 767; x_wconf 72' lang='lat' dir='ltr'><em>sinistram</em></span> <span class='ocrx_word' id='word_1_74' title='bbox 826 726 985 767; x_wconf 85' lang='lat' dir='ltr'><em>habere</em></span> <span class='ocrx_word' id='word_1_75' title='bbox 1015 726 1179 768; x_wconf 88' lang='lat' dir='ltr'><em>dicebat.</em></span> 
     </span>
    </p>

    <p class='ocr_par' dir='ltr' id='par_1_4' title="bbox 219 784 1673 1249">
     <span class='ocr_line' id='line_1_12' title="bbox 308 784 1555 838; baseline 0.001 -12"><span class='ocrx_word' id='word_1_76' title='bbox 308 787 346 826; x_wconf 82' lang='lat'><em>9.</em></span> <span class='ocrx_word' id='word_1_77' title='bbox 380 785 517 837; x_wconf 70' lang='lat' dir='ltr'><em>Quint.</em></span> <span class='ocrx_word' id='word_1_78' title='bbox 550 785 617 827; x_wconf 83' lang='lat' dir='ltr'><em>VI</em></span> <span class='ocrx_word' id='word_1_79' title='bbox 640 788 680 826; x_wconf 86' lang='lat'><em>3.</em></span> <span class='ocrx_word' id='word_1_80' title='bbox 710 788 768 826; x_wconf 79' lang='lat'><em>47</em></span> <span class='ocrx_word' id='word_1_81' title='bbox 799 785 864 826; x_wconf 86' lang='lat' dir='ltr'><em>Ne</em></span> <span class='ocrx_word' id='word_1_82' title='bbox 893 786 967 826; x_wconf 87' lang='lat' dir='ltr'><em>illa</em></span> <span class='ocrx_word' id='word_1_83' title='bbox 998 786 1158 837; x_wconf 79' lang='lat' dir='ltr'><em>quidem</em></span> <span class='ocrx_word' id='word_1_84' title='bbox 1188 784 1435 838; x_wconf 83' lang='lat' dir='ltr'><em>(oratoribus</em></span> <span class='ocrx_word' id='word_1_85' title='bbox 1465 799 1555 827; x_wconf 87' lang='lat' dir='ltr'><em>con-</em></span> 
     </span>
     <span class='ocr_line' id='line_1_13' title="bbox 219 842 1556 898; baseline -0.001 -12"><span class='ocrx_word' id='word_1_86' title='bbox 219 845 422 898; x_wconf 77' lang='lat' dir='ltr'><em>veniunt),</em></span> <span class='ocrx_word' id='word_1_87' title='bbox 460 858 562 897; x_wconf 79' lang='lat' dir='ltr'><em>quae</em></span> <span class='ocrx_word' id='word_1_88' title='bbox 593 842 775 885; x_wconf 72' lang='lat' dir='ltr'><em>Ciceroni</em></span> <span class='ocrx_word' id='word_1_89' title='bbox 811 844 1049 896; x_wconf 78' lang='lat' dir='ltr'><em>aliquando,</em></span> <span class='ocrx_word' id='word_1_90' title='bbox 1089 844 1158 885; x_wconf 85' lang='lat' dir='ltr'><em>sed</em></span> <span class='ocrx_word' id='word_1_91' title='bbox 1191 858 1274 884; x_wconf 86' lang='lat' dir='ltr'><em>non</em></span> <span class='ocrx_word' id='word_1_92' title='bbox 1310 845 1356 885; x_wconf 83' lang='lat' dir='ltr'><em>in</em></span> <span class='ocrx_word' id='word_1_93' title='bbox 1393 845 1556 897; x_wconf 69' lang='lat' dir='ltr'><em>ayendo,</em></span> 
     </span>
     <span class='ocr_line' id='line_1_14' title="bbox 220 903 1558 956; baseline -0.001 -11"><span class='ocrx_word' id='word_1_94' title='bbox 220 904 467 956; x_wconf 78' lang='lat' dir='ltr'><em>exciderunt,</em></span> <span class='ocrx_word' id='word_1_95' title='bbox 503 906 550 944; x_wconf 89' lang='lat' dir='ltr'><em>ut</em></span> <span class='ocrx_word' id='word_1_96' title='bbox 579 903 701 955; x_wconf 75' lang='lat' dir='ltr'><em>dixit,</em></span> <span class='ocrx_word' id='word_1_97' title='bbox 738 916 828 943; x_wconf 83' lang='lat' dir='ltr'><em>cum</em></span> <span class='ocrx_word' id='word_1_98' title='bbox 859 904 895 944; x_wconf 85' lang='lat' dir='ltr'><em>is</em></span> <span class='ocrx_word' id='word_1_99' title='bbox 925 903 1184 956; x_wconf 68' lang='lat' dir='ltr'><em>candidatus,</em></span> <span class='ocrx_word' id='word_1_100' title='bbox 1221 903 1291 955; x_wconf 79' lang='lat' dir='ltr'><em>qui</em></span> <span class='ocrx_word' id='word_1_101' title='bbox 1328 904 1409 944; x_wconf 82' lang='lat' dir='ltr'><em>coci</em></span> <span class='ocrx_word' id='word_1_102' title='bbox 1445 904 1558 956; x_wconf 61' lang='lat' dir='ltr'><em>filius</em></span> 
     </span>
     <span class='ocr_line' id='line_1_15' title="bbox 219 961 1637 1017; baseline 0 -14"><span class='ocrx_word' id='word_1_103' title='bbox 219 962 449 1012; x_wconf 77' lang='lat' dir='ltr'><em>habebatur,</em></span> <span class='ocrx_word' id='word_1_104' title='bbox 475 975 611 1003; x_wconf 86' lang='lat' dir='ltr'><em>coram</em></span> <span class='ocrx_word' id='word_1_105' title='bbox 637 975 678 1002; x_wconf 90' lang='lat' dir='ltr'><em>eo</em></span> <span class='ocrx_word' id='word_1_106' title='bbox 702 961 947 1013; x_wconf 71' lang='lat' dir='ltr'><em>suffrayium</em></span> <span class='ocrx_word' id='word_1_107' title='bbox 971 962 1022 1002; x_wconf 85' lang='lat' dir='ltr'><em>ab</em></span> <span class='ocrx_word' id='word_1_108' title='bbox 1047 962 1129 1002; x_wconf 91' lang='lat' dir='ltr'><em>alio</em></span> <span class='ocrx_word' id='word_1_109' title='bbox 1145 964 1316 1013; x_wconf 75' lang='lat' dir='ltr'><em>peteret:</em></span> <span class='ocrx_word' id='word_1_110' title='bbox 1341 961 1437 1017; x_wconf 84' lang='lat' dir='ltr'><em>Ego</em></span> <span class='ocrx_word' id='word_1_111' title='bbox 1458 976 1557 1016; x_wconf 90' lang='lat' dir='ltr'><em>quo-</em></span> <span class='ocrx_word' id='word_1_112' title='bbox 1636 978 1637 1008; x_wconf 66' lang='lat'>3</span> 
     </span>
     <span class='ocr_line' id='line_1_16' title="bbox 221 1019 1673 1075; baseline -0.002 -13"><span class='ocrx_word' id='word_1_113' title='bbox 221 1036 302 1075; x_wconf 84' lang='lat' dir='ltr'><em>que</em></span> <span class='ocrx_word' id='word_1_114' title='bbox 327 1020 409 1061; x_wconf 70' lang='lat' dir='ltr'><em>tibi</em></span> <span class='ocrx_word' id='word_1_115' title='bbox 433 1020 602 1062; x_wconf 81' lang='lat' dir='ltr'><em>favebo.</em></span> <span class='ocrx_word' id='word_1_116' title='bbox 631 1044 683 1049; x_wconf 92' lang='lat'><em>—-</em></span> <span class='ocrx_word' id='word_1_117' title='bbox 709 1019 862 1061; x_wconf 83' lang='lat' dir='ltr'><em>Donat.</em></span> <span class='ocrx_word' id='word_1_118' title='bbox 884 1020 972 1060; x_wconf 85' lang='lat' dir='ltr'><em>Ter.</em></span> <span class='ocrx_word' id='word_1_119' title='bbox 991 1020 1071 1060; x_wconf 73' lang='lat' dir='ltr'><em>Ad.</em></span> <span class='ocrx_word' id='word_1_120' title='bbox 1091 1019 1179 1060; x_wconf 89' lang='lat' dir='ltr'><em>III</em></span> <span class='ocrx_word' id='word_1_121' title='bbox 1193 1024 1229 1061; x_wconf 88' lang='lat'><em>3.</em></span> <span class='ocrx_word' id='word_1_122' title='bbox 1252 1024 1304 1061; x_wconf 80' lang='lat'><em>69</em></span> <span class='ocrx_word' id='word_1_123' title='bbox 1326 1020 1386 1061; x_wconf 88' lang='lat' dir='ltr'><em>Et</em></span> <span class='ocrx_word' id='word_1_124' title='bbox 1404 1019 1556 1062; x_wconf 80' lang='lat' dir='ltr'><em>Cicero·</em></span> <span class='ocrx_word' id='word_1_125' title='bbox 1594 1034 1607 1059; x_wconf 68' lang='grc' dir='ltr'><em>τ</em></span> <span class='ocrx_word' id='word_1_126' title='bbox 1636 1040 1637 1046; x_wconf 59' lang='lat'><em>.</em></span> <span class='ocrx_word' id='word_1_127' title='bbox 1657 1021 1673 1039; x_wconf 52' lang='lat'><em>&#39;⁴</em></span> 
     </span>
     <span class='ocr_line' id='line_1_17' title="bbox 219 1079 1639 1131; baseline -0.003 -10"><span class='ocrx_word' id='word_1_128' title='bbox 219 1081 286 1122; x_wconf 90' lang='lat' dir='ltr'><em>nis</em></span> <span class='ocrx_word' id='word_1_129' title='bbox 310 1081 462 1121; x_wconf 88' lang='lat' dir='ltr'><em>dictum</em></span> <span class='ocrx_word' id='word_1_130' title='bbox 486 1079 659 1131; x_wconf 78' lang='lat' dir='ltr'><em>refertur</em></span> <span class='ocrx_word' id='word_1_131' title='bbox 683 1079 729 1120; x_wconf 91' lang='lat' dir='ltr'><em>in</em></span> <span class='ocrx_word' id='word_1_132' title='bbox 754 1092 855 1127; x_wconf 77' lang='lat' dir='ltr'><em>omn,</em></span> <span class='ocrx_word' id='word_1_133' title='bbox 887 1079 958 1130; x_wconf 74' lang='lat' dir='ltr'><em>qui</em></span> <span class='ocrx_word' id='word_1_134' title='bbox 983 1079 1097 1131; x_wconf 78' lang='lat' dir='ltr'><em>coqui</em></span> <span class='ocrx_word' id='word_1_135' title='bbox 1121 1079 1234 1130; x_wconf 74' lang='lat' dir='ltr'><em>filius</em></span> <span class='ocrx_word' id='word_1_136' title='bbox 1257 1092 1389 1120; x_wconf 85' lang='lat' dir='ltr'><em>secum</em></span> <span class='ocrx_word' id='word_1_137' title='bbox 1414 1093 1558 1121; x_wconf 83' lang='lat' dir='ltr'><em>causas</em></span> <span class='ocrx_word' id='word_1_138' title='bbox 1638 1106 1639 1117; x_wconf 60' lang='grc'>,</span> 
     </span>
     <span class='ocr_line' id='line_1_18' title="bbox 220 1137 1561 1191; baseline -0.001 -11"><span class='ocrx_word' id='word_1_139' title='bbox 220 1139 378 1191; x_wconf 70' lang='lat' dir='ltr'><em>ayebat:</em></span> <span class='ocrx_word' id='word_1_140' title='bbox 422 1137 486 1178; x_wconf 88' lang='lat' dir='ltr'><em>Tu</em></span> <span class='ocrx_word' id='word_1_141' title='bbox 530 1151 698 1191; x_wconf 87' lang='lat' dir='ltr'><em>quoque</em></span> <span class='ocrx_word' id='word_1_142' title='bbox 737 1137 885 1178; x_wconf 82' lang='lat' dir='ltr'><em>aderas</em></span> <span class='ocrx_word' id='word_1_143' title='bbox 930 1137 1028 1178; x_wconf 84' lang='lat' dir='ltr'><em>huic</em></span> <span class='ocrx_word' id='word_1_144' title='bbox 1066 1151 1229 1178; x_wconf 80' lang='lat' dir='ltr'><em>causae.</em></span> <span class='ocrx_word' id='word_1_145' title='bbox 1298 1138 1412 1178; x_wconf 85' lang='lat' dir='ltr'><em>Nam</em></span> <span class='ocrx_word' id='word_1_146' title='bbox 1449 1139 1561 1190; x_wconf 65' lang='lat' dir='ltr'><em>apud</em></span> 
     </span>
     <span class='ocr_line' id='line_1_19' title="bbox 219 1196 1556 1249; baseline -0.001 -11"><span class='ocrx_word' id='word_1_147' title='bbox 219 1201 363 1239; x_wconf 79' lang='lat' dir='ltr'><em>veteres</em></span> <span class='ocrx_word' id='word_1_148' title='bbox 390 1196 564 1248; x_wconf 69' lang='lat' dir='ltr'><em>‘coquus&#39;</em></span> <span class='ocrx_word' id='word_1_149' title='bbox 590 1210 673 1237; x_wconf 88' lang='lat' dir='ltr'><em>non</em></span> <span class='ocrx_word' id='word_1_150' title='bbox 697 1210 773 1248; x_wconf 76' lang='lat' dir='ltr'><em>per</em></span> <span class='ocrx_word' id='word_1_151' title='bbox 800 1210 820 1237; x_wconf 89' lang='lat' dir='ltr'><em>c</em></span> <span class='ocrx_word' id='word_1_152' title='bbox 850 1197 1037 1249; x_wconf 78' lang='lat' dir='ltr'><em>litterani,</em></span> <span class='ocrx_word' id='word_1_153' title='bbox 1067 1197 1137 1237; x_wconf 89' lang='lat' dir='ltr'><em>sed</em></span> <span class='ocrx_word' id='word_1_154' title='bbox 1151 1210 1228 1248; x_wconf 75' lang='lat' dir='ltr'><em>per</em></span> <span class='ocrx_word' id='word_1_155' title='bbox 1253 1210 1277 1248; x_wconf 78' lang='lat' dir='ltr'><em>q</em></span> <span class='ocrx_word' id='word_1_156' title='bbox 1301 1197 1556 1238; x_wconf 72' lang='lat' dir='ltr'><em>scribebatur.</em></span> 
     </span>
    </p>

    <p class='ocr_par' dir='ltr' id='par_1_5' title="bbox 220 1254 1560 1485">
     <span class='ocr_line' id='line_1_20' title="bbox 313 1254 1560 1308; baseline 0 -12"><span class='ocrx_word' id='word_1_157' title='bbox 313 1256 378 1297; x_wconf 88' lang='grc'><em>10.</em></span> <span class='ocrx_word' id='word_1_158' title='bbox 420 1255 603 1296; x_wconf 74' lang='lat' dir='ltr'><em>IVIacrob.</em></span> <span class='ocrx_word' id='word_1_159' title='bbox 646 1254 732 1296; x_wconf 84' lang='lat' dir='ltr'><em>Sat.</em></span> <span class='ocrx_word' id='word_1_160' title='bbox 774 1255 835 1295; x_wconf 89' lang='lat' dir='ltr'><em>II</em></span> <span class='ocrx_word' id='word_1_161' title='bbox 870 1258 908 1296; x_wconf 87' lang='lat'><em>3.</em></span> <span class='ocrx_word' id='word_1_162' title='bbox 950 1258 981 1296; x_wconf 92' lang='grc'><em>2</em></span> <span class='ocrx_word' id='word_1_163' title='bbox 1023 1255 1085 1296; x_wconf 88' lang='lat' dir='ltr'><em>M.</em></span> <span class='ocrx_word' id='word_1_164' title='bbox 1130 1254 1264 1296; x_wconf 82' lang='lat' dir='ltr'><em>Cicero</em></span> <span class='ocrx_word' id='word_1_165' title='bbox 1310 1269 1400 1295; x_wconf 81' lang='lat' dir='ltr'><em>cum</em></span> <span class='ocrx_word' id='word_1_166' title='bbox 1448 1257 1560 1308; x_wconf 74' lang='lat' dir='ltr'><em>apud</em></span> 
     </span>
     <span class='ocr_line' id='line_1_21' title="bbox 221 1314 1557 1367; baseline -0.001 -11"><span class='ocrx_word' id='word_1_167' title='bbox 221 1315 526 1367; x_wconf 72' lang='lat' dir='ltr'><em>Damasippum</em></span> <span class='ocrx_word' id='word_1_168' title='bbox 551 1317 709 1355; x_wconf 86' lang='lat' dir='ltr'><em>cenaret</em></span> <span class='ocrx_word' id='word_1_169' title='bbox 732 1316 770 1354; x_wconf 84' lang='lat' dir='ltr'><em>et</em></span> <span class='ocrx_word' id='word_1_170' title='bbox 794 1314 862 1355; x_wconf 91' lang='lat' dir='ltr'><em>ille</em></span> <span class='ocrx_word' id='word_1_171' title='bbox 892 1314 1082 1354; x_wconf 80' lang='lat' dir='ltr'><em>mediocri</em></span> <span class='ocrx_word' id='word_1_172' title='bbox 1112 1314 1204 1354; x_wconf 84' lang='lat' dir='ltr'><em>vino</em></span> <span class='ocrx_word' id='word_1_173' title='bbox 1228 1315 1362 1365; x_wconf 70' lang='lat' dir='ltr'><em>posito</em></span> <span class='ocrx_word' id='word_1_174' title='bbox 1393 1315 1557 1355; x_wconf 87' lang='lat' dir='ltr'><em>diceret:</em></span> 
     </span>
     <span class='ocr_line' id='line_1_22' title="bbox 222 1371 1557 1427; baseline 0 -13"><span class='ocrx_word' id='word_1_175' title='bbox 222 1373 375 1414; x_wconf 66' lang='lat' dir='ltr'><em>‘Bibite</em></span> <span class='ocrx_word' id='word_1_176' title='bbox 404 1373 633 1414; x_wconf 74' lang='lat' dir='ltr'><em>Falernum</em></span> <span class='ocrx_word' id='word_1_177' title='bbox 663 1372 745 1422; x_wconf 69' lang='lat' dir='ltr'><em>lcoc,</em></span> <span class='ocrx_word' id='word_1_178' title='bbox 776 1386 980 1413; x_wconf 89' lang='lat' dir='ltr'><em>annorum</em></span> <span class='ocrx_word' id='word_1_179' title='bbox 1010 1373 1286 1425; x_wconf 63' lang='lat' dir='ltr'><em>quadraginta</em></span> <span class='ocrx_word' id='word_1_180' title='bbox 1315 1371 1399 1425; x_wconf 87' lang='lat' dir='ltr'><em>est’,</em></span> <span class='ocrx_word' id='word_1_181' title='bbox 1431 1371 1557 1427; x_wconf 82' lang='lat' dir='ltr'><em>Bene,</em></span> 
     </span>
     <span class='ocr_line' id='line_1_23' title="bbox 220 1430 716 1485; baseline -0.004 -12"><span class='ocrx_word' id='word_1_182' title='bbox 220 1433 370 1485; x_wconf 78' lang='lat' dir='ltr'><em>inquit,</em></span> <span class='ocrx_word' id='word_1_183' title='bbox 403 1433 589 1472; x_wconf 67' lang='lat' dir='ltr'><em>aetatem</em></span> <span class='ocrx_word' id='word_1_184' title='bbox 619 1430 716 1471; x_wconf 71' lang='lat' dir='ltr'><em>fert.</em></span> 
     </span>
    </p>

    <p class='ocr_par' dir='ltr' id='par_1_6' title="bbox 220 1489 1559 1601">
     <span class='ocr_line' id='line_1_24' title="bbox 313 1489 1559 1541; baseline 0 -10"><span class='ocrx_word' id='word_1_185' title='bbox 313 1492 377 1531; x_wconf 89' lang='lat'><em>11.</em></span> <span class='ocrx_word' id='word_1_186' title='bbox 405 1490 575 1541; x_wconf 73' lang='lat' dir='ltr'><em>Quintil.</em></span> <span class='ocrx_word' id='word_1_187' title='bbox 603 1489 724 1530; x_wconf 89' lang='lat' dir='ltr'><em>VIII</em></span> <span class='ocrx_word' id='word_1_188' title='bbox 742 1494 779 1531; x_wconf 82' lang='lat'><em>3.</em></span> <span class='ocrx_word' id='word_1_189' title='bbox 805 1492 859 1530; x_wconf 75' lang='lat'><em>54</em></span> <span class='ocrx_word' id='word_1_190' title='bbox 883 1490 1131 1531; x_wconf 81' lang='lat' dir='ltr'><em>Emendavit</em></span> <span class='ocrx_word' id='word_1_191' title='bbox 1152 1489 1223 1530; x_wconf 83' lang='lat' dir='ltr'><em>lioc</em></span> <span class='ocrx_word' id='word_1_192' title='bbox 1254 1491 1374 1530; x_wconf 86' lang='lat' dir='ltr'><em>etiam</em></span> <span class='ocrx_word' id='word_1_193' title='bbox 1406 1491 1559 1531; x_wconf 87' lang='lat' dir='ltr'><em>urbane</em></span> 
     </span>
     <span class='ocr_line' id='line_1_25' title="bbox 220 1547 1558 1601; baseline -0.001 -11"><span class='ocrx_word' id='word_1_194' title='bbox 220 1551 265 1590; x_wconf 90' lang='lat' dir='ltr'><em>in</em></span> <span class='ocrx_word' id='word_1_195' title='bbox 303 1549 446 1590; x_wconf 87' lang='lat' dir='ltr'><em>Hirtio</em></span> <span class='ocrx_word' id='word_1_196' title='bbox 484 1547 639 1600; x_wconf 78' lang='lat' dir='ltr'><em>Cicero,</em></span> <span class='ocrx_word' id='word_1_197' title='bbox 677 1549 761 1600; x_wconf 84' lang='lat' dir='ltr'><em>cui,</em></span> <span class='ocrx_word' id='word_1_198' title='bbox 801 1549 932 1590; x_wconf 87' lang='lat' dir='ltr'><em>stasin</em></span> <span class='ocrx_word' id='word_1_199' title='bbox 968 1562 1059 1590; x_wconf 86' lang='lat' dir='ltr'><em>cum</em></span> <span class='ocrx_word' id='word_1_200' title='bbox 1096 1549 1326 1590; x_wconf 85' lang='lat' dir='ltr'><em>declamans</em></span> <span class='ocrx_word' id='word_1_201' title='bbox 1361 1549 1495 1601; x_wconf 71' lang='lat' dir='ltr'><em>filium</em></span> <span class='ocrx_word' id='word_1_202' title='bbox 1531 1563 1558 1590; x_wconf 90' lang='lat' dir='ltr'><em>a</em></span> 
     </span>
    </p>
   </div>
   <div class='ocr_carea' id='block_1_3' title="bbox 220 1606 1657 1655">
    <p class='ocr_par' dir='ltr' id='par_1_7' title="bbox 220 1606 1657 1655">
     <span class='ocr_line' id='line_1_26' title="bbox 220 1606 1657 1655; baseline -0.001 -6"><span class='ocrx_word' id='word_1_203' title='bbox 220 1612 350 1649; x_wconf 89' lang='lat' dir='ltr'><em>matre</em></span> <span class='ocrx_word' id='word_1_204' title='bbox 367 1609 496 1649; x_wconf 87' lang='lat' dir='ltr'><em>decem</em></span> <span class='ocrx_word' id='word_1_205' title='bbox 516 1607 718 1648; x_wconf 83' lang='lat' dir='ltr'><em>mensibus</em></span> <span class='ocrx_word' id='word_1_206' title='bbox 741 1608 787 1648; x_wconf 90' lang='lat' dir='ltr'><em>in</em></span> <span class='ocrx_word' id='word_1_207' title='bbox 811 1611 921 1648; x_wconf 87' lang='lat' dir='ltr'><em>utero</em></span> <span class='ocrx_word' id='word_1_208' title='bbox 948 1608 1076 1648; x_wconf 85' lang='lat' dir='ltr'><em>latum</em></span> <span class='ocrx_word' id='word_1_209' title='bbox 1102 1621 1181 1648; x_wconf 86' lang='lat' dir='ltr'><em>esse</em></span> <span class='ocrx_word' id='word_1_210' title='bbox 1205 1608 1393 1649; x_wconf 74' lang='lat' dir='ltr'><em>dixisset:</em></span> <span class='ocrx_word' id='word_1_211' title='bbox 1420 1606 1557 1655; x_wconf 74' lang='lat' dir='ltr'><em>Quid?</em></span> <span class='ocrx_word' id='word_1_212' title='bbox 1578 1619 1607 1643; x_wconf 70' lang='lat'><em>2·</em></span> <span class='ocrx_word' id='word_1_213' title='bbox 1656 1622 1657 1625; x_wconf 65' lang='grc'>’</span> 
     </span>
    </p>
   </div>
   <div class='ocr_carea' id='block_1_4' title="bbox 219 1666 1558 1898">
    <p class='ocr_par' dir='ltr' id='par_1_8' title="bbox 222 1666 1129 1720">
     <span class='ocr_line' id='line_1_27' title="bbox 222 1666 1129 1720; baseline -0.002 -12"><span class='ocrx_word' id='word_1_214' title='bbox 222 1667 348 1719; x_wconf 82' lang='lat' dir='ltr'><em>aliae,</em></span> <span class='ocrx_word' id='word_1_215' title='bbox 379 1667 529 1718; x_wconf 77' lang='lat' dir='ltr'><em>inquit,</em></span> <span class='ocrx_word' id='word_1_216' title='bbox 560 1666 605 1707; x_wconf 88' lang='lat' dir='ltr'><em>in</em></span> <span class='ocrx_word' id='word_1_217' title='bbox 636 1666 786 1720; x_wconf 85' lang='lat' dir='ltr'><em>perula</em></span> <span class='ocrx_word' id='word_1_218' title='bbox 818 1666 959 1707; x_wconf 69' lang='lat' dir='ltr'><em>solenh</em></span> <span class='ocrx_word' id='word_1_219' title='bbox 989 1666 1129 1707; x_wconf 77' lang='lat' dir='ltr'><em>ferre?</em></span> 
     </span>
    </p>

    <p class='ocr_par' dir='ltr' id='par_1_9' title="bbox 219 1724 1558 1898">
     <span class='ocr_line' id='line_1_28' title="bbox 313 1724 1558 1778; baseline 0 -12"><span class='ocrx_word' id='word_1_220' title='bbox 313 1726 378 1766; x_wconf 78' lang='lat'><em>12.</em></span> <span class='ocrx_word' id='word_1_221' title='bbox 408 1725 590 1766; x_wconf 87' lang='lat' dir='ltr'><em>Macrob.</em></span> <span class='ocrx_word' id='word_1_222' title='bbox 619 1724 706 1766; x_wconf 86' lang='lat' dir='ltr'><em>Sat.</em></span> <span class='ocrx_word' id='word_1_223' title='bbox 731 1725 791 1766; x_wconf 88' lang='lat' dir='ltr'><em>II</em></span> <span class='ocrx_word' id='word_1_224' title='bbox 810 1728 849 1767; x_wconf 87' lang='lat'><em>3.</em></span> <span class='ocrx_word' id='word_1_225' title='bbox 874 1728 901 1766; x_wconf 98' lang='lat'><em>3</em></span> <span class='ocrx_word' id='word_1_226' title='bbox 931 1725 1047 1766; x_wconf 81' lang='lat' dir='ltr'><em>Idem</em></span> <span class='ocrx_word' id='word_1_227' title='bbox 1081 1738 1171 1766; x_wconf 91' lang='lat' dir='ltr'><em>cum</em></span> <span class='ocrx_word' id='word_1_228' title='bbox 1196 1725 1418 1766; x_wconf 82' lang='lat' dir='ltr'><em>Lentulum</em></span> <span class='ocrx_word' id='word_1_229' title='bbox 1444 1739 1558 1778; x_wconf 75' lang='lat' dir='ltr'><em>yene-</em></span> 
     </span>
     <span class='ocr_line' id='line_1_29' title="bbox 219 1784 1558 1837; baseline 0.001 -13"><span class='ocrx_word' id='word_1_230' title='bbox 219 1798 314 1825; x_wconf 88' lang='lat' dir='ltr'><em>rum</em></span> <span class='ocrx_word' id='word_1_231' title='bbox 337 1798 469 1837; x_wconf 84' lang='lat' dir='ltr'><em>suum,</em></span> <span class='ocrx_word' id='word_1_232' title='bbox 495 1785 661 1837; x_wconf 58' lang='lat' dir='ltr'><em>exibitae</em></span> <span class='ocrx_word' id='word_1_233' title='bbox 684 1787 865 1825; x_wconf 89' lang='lat' dir='ltr'><em>staturae</em></span> <span class='ocrx_word' id='word_1_234' title='bbox 882 1784 1094 1837; x_wconf 74' lang='lat' dir='ltr'><em>hominem,</em></span> <span class='ocrx_word' id='word_1_235' title='bbox 1120 1784 1234 1837; x_wconf 64' lang='lat' dir='ltr'><em>lonqo</em></span> <span class='ocrx_word' id='word_1_236' title='bbox 1253 1784 1390 1837; x_wconf 74' lang='lat' dir='ltr'><em>ylaclio</em></span> <span class='ocrx_word' id='word_1_237' title='bbox 1409 1785 1558 1825; x_wconf 88' lang='lat' dir='ltr'><em>accinc-</em></span> 
     </span>
     <span class='ocr_line' id='line_1_30' title="bbox 222 1841 1557 1898; baseline -0.001 -14"><span class='ocrx_word' id='word_1_238' title='bbox 222 1847 308 1884; x_wconf 84' lang='lat' dir='ltr'><em>tum</em></span> <span class='ocrx_word' id='word_1_239' title='bbox 337 1844 520 1885; x_wconf 85' lang='lat' dir='ltr'><em>vidisset:</em></span> <span class='ocrx_word' id='word_1_240' title='bbox 554 1841 669 1896; x_wconf 81' lang='lat' dir='ltr'><em>Quis,</em></span> <span class='ocrx_word' id='word_1_241' title='bbox 700 1843 845 1895; x_wconf 78' lang='lat' dir='ltr'><em>inquit,</em></span> <span class='ocrx_word' id='word_1_242' title='bbox 878 1857 1081 1897; x_wconf 80' lang='lat' dir='ltr'><em>generum</em></span> <span class='ocrx_word' id='word_1_243' title='bbox 1114 1857 1255 1883; x_wconf 86' lang='lat' dir='ltr'><em>meum</em></span> <span class='ocrx_word' id='word_1_244' title='bbox 1288 1842 1341 1883; x_wconf 83' lang='lat' dir='ltr'><em>ad</em></span> <span class='ocrx_word' id='word_1_245' title='bbox 1367 1842 1557 1898; x_wconf 79' lang='lat' dir='ltr'><em>gladium</em></span> 
     </span>
    </p>
   </div>
   <div class='ocr_carea' id='block_1_5' title="bbox 219 1901 1646 2072">
    <p class='ocr_par' dir='ltr' id='par_1_10' title="bbox 219 1901 1646 2072">
     <span class='ocr_line' id='line_1_31' title="bbox 221 1901 1645 1956; baseline -0.004 -14"><span class='ocrx_word' id='word_1_246' title='bbox 221 1901 460 1956; x_wconf 72' lang='lat' dir='ltr'><em>adligavit?</em></span> <span class='ocrx_word' id='word_1_247' title='bbox 1578 1914 1592 1937; x_wconf 84' lang='lat'><strong>3</strong></span> <span class='ocrx_word' id='word_1_248' title='bbox 1644 1932 1645 1945; x_wconf 63' lang='grc'>,</span> 
     </span>
     <span class='ocr_line' id='line_1_32' title="bbox 313 1955 1646 2011; baseline -0.001 -10"><span class='ocrx_word' id='word_1_249' title='bbox 313 1961 377 2002; x_wconf 80' lang='lat'><em>13.</em></span> <span class='ocrx_word' id='word_1_250' title='bbox 412 1960 580 2011; x_wconf 73' lang='lat' dir='ltr'><em>Quintil.</em></span> <span class='ocrx_word' id='word_1_251' title='bbox 620 1959 687 2001; x_wconf 90' lang='lat' dir='ltr'><em>VI</em></span> <span class='ocrx_word' id='word_1_252' title='bbox 711 1963 748 2001; x_wconf 88' lang='lat'><em>3.</em></span> <span class='ocrx_word' id='word_1_253' title='bbox 781 1963 836 2002; x_wconf 80' lang='lat'><em>96</em></span> <span class='ocrx_word' id='word_1_254' title='bbox 866 1960 1081 2001; x_wconf 77' lang='lat' dir='ltr'><em>Adiuvant</em></span> <span class='ocrx_word' id='word_1_255' title='bbox 1109 1960 1382 2001; x_wconf 83' lang='lat' dir='ltr'><em>urbanitatem</em></span> <span class='ocrx_word' id='word_1_256' title='bbox 1412 1964 1450 2001; x_wconf 88' lang='lat' dir='ltr'><em>et</em></span> <span class='ocrx_word' id='word_1_257' title='bbox 1478 1974 1560 2002; x_wconf 78' lang='lat' dir='ltr'><em>ver-</em></span> <span class='ocrx_word' id='word_1_258' title='bbox 1644 1955 1646 2007; x_wconf 62' lang='grc' dir='ltr'>Ξ</span> 
     </span>
     <span class='ocr_line' id='line_1_33' title="bbox 219 2019 1561 2072; baseline -0.001 -12"><span class='ocrx_word' id='word_1_259' title='bbox 219 2032 290 2061; x_wconf 84' lang='lat' dir='ltr'><em>sus</em></span> <span class='ocrx_word' id='word_1_260' title='bbox 321 2020 520 2060; x_wconf 82' lang='lat' dir='ltr'><em>commode</em></span> <span class='ocrx_word' id='word_1_261' title='bbox 548 2019 688 2071; x_wconf 77' lang='lat' dir='ltr'><em>positi,</em></span> <span class='ocrx_word' id='word_1_262' title='bbox 727 2043 781 2048; x_wconf 89' lang='lat'><em>——</em></span> <span class='ocrx_word' id='word_1_263' title='bbox 813 2020 919 2071; x_wconf 78' lang='lat' dir='ltr'><em>quod</em></span> <span class='ocrx_word' id='word_1_264' title='bbox 953 2020 1002 2071; x_wconf 76' lang='lat' dir='ltr'><em>fit</em></span> <span class='ocrx_word' id='word_1_265' title='bbox 1032 2020 1210 2072; x_wconf 60' lang='lat' dir='ltr'><em>matius,</em></span> <span class='ocrx_word' id='word_1_266' title='bbox 1247 2020 1285 2060; x_wconf 86' lang='lat' dir='ltr'><em>si</em></span> <span class='ocrx_word' id='word_1_267' title='bbox 1321 2033 1402 2071; x_wconf 77' lang='lat' dir='ltr'><em>qua</em></span> <span class='ocrx_word' id='word_1_268' title='bbox 1439 2020 1561 2060; x_wconf 86' lang='lat' dir='ltr'><em>etiam</em></span> 
     </span>
    </p>
   </div>
   <div class='ocr_carea' id='block_1_6' title="bbox 220 2077 1562 2365">
    <p class='ocr_par' dir='ltr' id='par_1_11' title="bbox 220 2077 1562 2365">
     <span class='ocr_line' id='line_1_34' title="bbox 220 2077 1561 2131; baseline 0 -13"><span class='ocrx_word' id='word_1_269' title='bbox 220 2078 482 2130; x_wconf 59' lang='lat' dir='ltr'><em>ambiguitate</em></span> <span class='ocrx_word' id='word_1_270' title='bbox 518 2078 721 2131; x_wconf 85' lang='lat' dir='ltr'><em>conditur,</em></span> <span class='ocrx_word' id='word_1_271' title='bbox 763 2081 810 2118; x_wconf 92' lang='lat' dir='ltr'><em>ut</em></span> <span class='ocrx_word' id='word_1_272' title='bbox 845 2077 980 2119; x_wconf 83' lang='lat' dir='ltr'><em>Cicero</em></span> <span class='ocrx_word' id='word_1_273' title='bbox 1022 2079 1068 2118; x_wconf 89' lang='lat' dir='ltr'><em>in</em></span> <span class='ocrx_word' id='word_1_274' title='bbox 1104 2078 1314 2123; x_wconf 84' lang='lat' dir='ltr'><em>Lartium,</em></span> <span class='ocrx_word' id='word_1_275' title='bbox 1358 2077 1561 2119; x_wconf 78' lang='lat' dir='ltr'><em>hominem</em></span> 
     </span>
     <span class='ocr_line' id='line_1_35' title="bbox 221 2137 1559 2190; baseline 0 -12"><span class='ocrx_word' id='word_1_276' title='bbox 221 2137 415 2178; x_wconf 80' lang='lat' dir='ltr'><em>callidum</em></span> <span class='ocrx_word' id='word_1_277' title='bbox 446 2140 483 2177; x_wconf 85' lang='lat' dir='ltr'><em>et</em></span> <span class='ocrx_word' id='word_1_278' title='bbox 511 2140 731 2190; x_wconf 51' lang='lat' dir='ltr'><em>versutim&#39;i,</em></span> <span class='ocrx_word' id='word_1_279' title='bbox 772 2150 863 2177; x_wconf 80' lang='lat' dir='ltr'><em>cum</em></span> <span class='ocrx_word' id='word_1_280' title='bbox 894 2138 931 2178; x_wconf 88' lang='lat' dir='ltr'><em>is</em></span> <span class='ocrx_word' id='word_1_281' title='bbox 960 2137 1006 2177; x_wconf 89' lang='lat' dir='ltr'><em>in</em></span> <span class='ocrx_word' id='word_1_282' title='bbox 1042 2137 1220 2188; x_wconf 74' lang='lat' dir='ltr'><em>quadam</em></span> <span class='ocrx_word' id='word_1_283' title='bbox 1252 2150 1376 2178; x_wconf 76' lang='lat' dir='ltr'><em>causa</em></span> <span class='ocrx_word' id='word_1_284' title='bbox 1406 2149 1559 2189; x_wconf 79' lang='lat' dir='ltr'><em>suspec-</em></span> 
     </span>
     <span class='ocr_line' id='line_1_36' title="bbox 221 2198 433 2236; baseline 0 0"><span class='ocrx_word' id='word_1_285' title='bbox 221 2198 286 2236; x_wconf 82' lang='lat' dir='ltr'><em>tus</em></span> <span class='ocrx_word' id='word_1_286' title='bbox 316 2199 433 2236; x_wconf 88' lang='lat' dir='ltr'><em>esset:</em></span> 
     </span>
     <span class='ocr_line' id='line_1_37' title="bbox 418 2252 1359 2307; baseline 0 -13"><span class='ocrx_word' id='word_1_287' title='bbox 418 2252 515 2294; x_wconf 83' lang='lat' dir='ltr'><em>Nisi</em></span> <span class='ocrx_word' id='word_1_288' title='bbox 547 2252 587 2294; x_wconf 77' lang='lat' dir='ltr'>ss</span> <span class='ocrx_word' id='word_1_289' title='bbox 617 2268 701 2307; x_wconf 81' lang='lat' dir='ltr'><em>qua</em></span> <span class='ocrx_word' id='word_1_290' title='bbox 732 2252 881 2294; x_wconf 82' lang='lat' dir='ltr'><em>Ulixes</em></span> <span class='ocrx_word' id='word_1_291' title='bbox 914 2252 1143 2294; x_wconf 60' lang='lat' dir='ltr'><em>interrasi’n</em></span> <span class='ocrx_word' id='word_1_292' title='bbox 1174 2253 1359 2295; x_wconf 61' lang='lat' dir='ltr'><em>Lartius.</em></span> 
     </span>
     <span class='ocr_line' id='line_1_38' title="bbox 313 2312 1562 2365; baseline 0.001 -12"><span class='ocrx_word' id='word_1_293' title='bbox 313 2313 378 2354; x_wconf 87' lang='lat'><em>14.</em></span> <span class='ocrx_word' id='word_1_294' title='bbox 404 2313 585 2353; x_wconf 70' lang='lat' dir='ltr'><em>Mam-ob.</em></span> <span class='ocrx_word' id='word_1_295' title='bbox 611 2312 697 2353; x_wconf 85' lang='lat' dir='ltr'><em>Sat.</em></span> <span class='ocrx_word' id='word_1_296' title='bbox 728 2312 822 2353; x_wconf 85' lang='lat' dir='ltr'><em>VII</em></span> <span class='ocrx_word' id='word_1_297' title='bbox 841 2316 877 2354; x_wconf 94' lang='lat'><em>3.</em></span> <span class='ocrx_word' id='word_1_298' title='bbox 906 2316 933 2353; x_wconf 85' lang='lat'><em>7</em></span> <span class='ocrx_word' id='word_1_299' title='bbox 959 2312 1157 2365; x_wconf 76' lang='lat' dir='ltr'><em>Octavius,</em></span> <span class='ocrx_word' id='word_1_300' title='bbox 1189 2314 1260 2365; x_wconf 72' lang='lat' dir='ltr'><em>qm·</em></span> <span class='ocrx_word' id='word_1_301' title='bbox 1284 2316 1386 2354; x_wconf 78' lang='lat' dir='ltr'><em>natu</em></span> <span class='ocrx_word' id='word_1_302' title='bbox 1416 2313 1562 2354; x_wconf 80' lang='lat' dir='ltr'><em>nobilis</em></span> 
     </span>
    </p>
   </div>
   <div class='ocr_carea' id='block_1_7' title="bbox 1570 0 1673 2505">
    <p class='ocr_par' dir='ltr' id='par_1_12' title="bbox 1570 0 1673 2505">
     <span class='ocr_line' id='line_1_39' title="bbox 1570 0 1673 2505; baseline 0 0"><span class='ocrx_word' id='word_1_303' title='bbox 1570 0 1673 2505; x_wconf 95' lang='lat' dir='ltr'><em> </em></span> 
     </span>
    </p>
   </div>
  </div>
 </body>
</html>
