1663 2490
477 77 577 113 CAP.
609 82 755 113 12—14.
805 82 824 120 5
849 82 998 113 41—46.
1321 79 1402 119 147

68 189 296 242 peteretur,
324 184 518 240 quodque
540 188 686 240 spreta
705 188 748 227 et
773 187 1020 240 contempta
1041 185 1264 240 voluptate
1284 188 1403 240 optu-

70 259 163 287 mus
205 244 382 299 quisque
421 246 680 297 sequeretur.
741 242 930 292 Quorsus
967 243 1102 299 igitur
1138 246 1227 285 tam
1266 245 1404 285 multa

16 324 18 326 ·
69 304 118 345 de
150 302 402 358 voluptate?
464 301 572 350 Quia
603 317 688 343 non
720 302 845 344 modo
877 302 1136 356 vituperatio
1166 302 1299 356 nulla,
1331 303 1404 344 sed

68 362 199 404 etiam
232 375 399 402 summa
430 361 524 401 laus
558 361 789 402 senectutis
821 363 898 415 est,
934 360 1045 415 quod
1078 375 1127 402 ea
1157 361 1403 415 voluptates

33 433 48 459 5
67 420 206 462 nullas
238 433 499 475 magnopere
526 419 748 460 desiderat.
798 418 927 462 Caret
952 419 1088 474 epulis
1116 420 1404 474 extructisque

67 479 225 520 mensis
259 481 302 519 et
326 477 622 531 frequentibus
652 478 830 532 poculis,
861 480 978 520 caret
1003 492 1105 533 ergo
1132 478 1261 519 etiam
1287 478 1404 519 vinu-

67 538 201 579 lentia
233 539 276 577 et
308 536 518 578 cruditate
551 539 594 577 et
628 536 867 578 insomniis.
929 535 1010 578 Sed
1043 536 1079 577 si
1110 536 1272 591 aliquid
1306 537 1403 578 dan-

67 596 169 637 dum
201 598 266 636 est
297 595 525 649 voluptati,
559 595 761 649 quoniam
794 595 882 637 eius
914 595 1135 637 blanditiis
1166 609 1254 637 non
1277 595 1403 637 facile

67 654 317 696 obsistimus
364 653 523 708 (divine
568 653 680 694 enim
722 653 848 695 Plato
894 653 1082 696 ‘escam
1132 653 1403 696 malorum’

16 727 50 751 ιο
68 713 260 768 appellat
291 712 581 766 voluptatem,
614 712 725 766 quod
757 727 807 754 ea
837 712 1036 754 videlicet
1066 712 1262 754 homines
1295 713 1404 767 capi-

67 774 195 813 antur
225 774 273 812 ut
304 770 481 827 pisces),
520 785 778 825 quamquam
809 771 1086 812 inmoderatis
1119 772 1256 826 epulis
1288 774 1405 813 caret

67 832 279 883 senectus,
328 829 504 872 modicis
553 832 698 871 tamen
747 830 953 871 conviviis
1003 830 1206 872 delectari
1248 833 1404 885 potest.

68 887 112 930 O.
132 888 352 930 Duellium
378 888 433 929 M.
458 888 499 941 f.,
532 888 604 942 qui
628 888 795 930 Poenos
821 889 957 930 classe
983 888 1147 943 primus
1180 889 1405 943 devicerat,

67 947 314 989 redeuntem
348 962 371 988 a
398 961 500 988 cena
527 961 670 988 senem
697 961 822 1001 saepe
847 947 1045 988 videbam
1070 962 1194 1002 puer3
1226 947 1405 989 delecta-

15 1019 48 1044 15
66 1007 196 1048 batur
221 1019 341 1047 cereo
366 1005 503 1046 funali
530 1008 572 1046 et
597 1005 784 1059 tibicine,
816 1020 923 1059 quae
950 1005 1032 1046 sibi
1057 1006 1177 1047 nullo
1211 1007 1404 1061 exemplo

67 1065 262 1119 privatus
307 1067 567 1118 sumpserat3
617 1066 787 1105 tantum
836 1063 1033 1105 licentiae
1079 1064 1210 1105 dabat
1253 1065 1403 1120 gloria.

68 1122 149 1164 Sed
181 1122 282 1177 quid
314 1136 401 1177 ego.
427 1122 564 1163 alios‘?
597 1122 650 1164 ad
680 1137 747 1163 me
778 1122 921 1177 ipsum
952 1122 1037 1163 iam
1069 1125 1272 1164 revertar.
1316 1123 1404 1164 Pri-

67 1196 183 1223 mum
228 1181 360 1223 habui
405 1195 572 1235 semper
616 1180 794 1222 sodales.
857 1179 1117 1222 sodalitates
1156 1184 1299 1222 autem
1336 1197 1403 1223 me

68 1242 293 1295 quaestore
320 1239 579 1281 constitutae
606 1242 707 1280 sunt
732 1240 864 1281 sacris
889 1239 1029 1280 Idaeis
1049 1239 1231 1306 Magnae
1250 1240 1404 1282 Matris

15 1312 48 1336 20
68 1299 264 1354 acceptis.
313 1297 536 1353 Epulabar
565 1298 700 1353 igitur
734 1312 828 1339 cum
861 1298 1079 1339 sodalibus
1112 1299 1285 1340 omnino
1317 1314 1404 1341 mo-

68 1358 181 1424 dice,
202 1357 275 1398 sed
302 1361 393 1398 erat
419 1333 609 1411 quidam³³
617 1356 761 1398 fervor
788 1357 962 1410 aetatis3
994 1371 1078 1411 qua
1103 1358 1403 1423 progrediente

69 1416 212 1458 omnia
253 1416 362 1457 fiunt
403 1415 448 1456 in
490 1415 578 1456 dies
623 1415 805 1457 mitiora.
873 1414 1022 1470 Neque
1063 1416 1173 1457 enim
1204 1417 1403 1483 ipsorum

68 1475 360 1518 conviviorum
381 1474 707 1516 delectationem
727 1475 1024 1529 voluptatibus
1046 1475 1236 1529 corporis
1263 1476 1402 1531 magis

69 1549 197 1588 quam
229 1537 352 1575 coetu
384 1533 617 1575 amicorum
649 1536 692 1574 et
723 1533 991 1575 sermonibus
1017 1533 1236 1575 metiebar.
1287 1534 1402 1576 Bene

16 1605 49 1631 25
70 1593 182 1634 enim
215 1592 398 1634 maiores
430 1592 741 1633 accubitionem
773 1592 991 1646 epularem
1025 1592 1269 1647 amicorum,
1303 1593 1403 1647 quia

67 1652 181 1694 vitae
196 1650 537 1693 coniunctionem
551 1651 740 1704 haberet,
761 1665 781 1692 c
791 1650 1047 1692 onvivium
1061 1651 1402 1706 nominaverunt,

69 1710 220 1752 melius
260 1724 387 1764 quam
426 1708 595 1763 Graeci,
639 1709 711 1763 qui
747 1709 829 1751 hoc
865 1709 978 1750 idem
1015 1711 1108 1750 tum
1146 1713 1402 1764 compota-

67 1769 273 1822 tionem,
309 1771 402 1809 tum
441 1768 858 1809 concenationem
895 1770 1068 1821 vocant,
1105 1771 1171 1823 ut,
1210 1769 1321 1823 quod
1358 1769 1402 1810 in

68 1842 116 1870 eo
143 1841 296 1883 genere
322 1826 546 1868 minimum
572 1830 649 1879 est,
680 1827 722 1867 id
748 1827 931 1868 maxime
956 1802 1138 1881 prob⁷are
1164 1828 1400 1869 videantur.

17 1897 50 1923 ³0
68 1886 161 1942 Ego
193 1900 294 1928 vero
326 1888 502 1951 propter
534 1885 741 1927 sermonis
774 1885 1100 1927 delectationem
1131 1887 1470 1949 tempestivis46

69 1959 234 2000 quoque
266 1944 470 1986 conviviis
503 1944 701 1998 delector,
730 1959 808 1986 nec
839 1958 934 1986 cum
966 1944 1215 1998 aequalibus
1248 1946 1400 2000 solum,

70 2003 142 2058 qui
177 2003 302 2058 pauci
339 2002 566 2044 admodum
604 2005 787 2057 restant,
832 2003 904 2044 sed
948 2017 1042 2044 cum
1085 2006 1229 2045 vestra
1269 2004 1399 2045 etiam

70 2064 210 2104 aetate
247 2064 375 2116 atque
411 2061 652 2116 vobiscum,
693 2062 915 2116 habeoque
954 2062 1161 2103 senectuti
1198 2077 1398 2118 magnam

71 2121 266 2177 gratiam,
299 2134 406 2175 quae
437 2120 544 2161 mihi
576 2120 782 2162 sermonis
815 2120 1065 2162 aviditatem
1097 2121 1232 2175 auxit,
1263 2122 1399 2176 potio-

35 2189 51 2216 5
68 2180 135 2221 nis
162 2182 204 2221 et
229 2179 313 2221 cibi
339 2179 526 2220 sustulit.
576 2178 735 2227 Quodsi
761 2193 886 2234 quem
918 2179 1047 2220 etiam
1075 2179 1160 2221 ista
1186 2179 1398 2222 delectant

72 2236 142 2293 (ne
161 2238 332 2279 omnino
358 2238 520 2279 bellum
543 2237 746 2280 indixisse
771 2238 916 2280 videar
940 2238 1166 2293 voluptati,
1191 2239 1308 2281 cuius
1335 2242 1400 2280 est

69 2295 253 2338 fortasse
284 2296 456 2351 quidam
487 2297 698 2338 naturalis
724 2296 905 2352 modus),
935 2311 1021 2338 non
1046 2296 1251 2353 intellego
1276 2312 1328 2339 ne
1353 2298 1397 2339 in

1120 2365 1188 2400 10*

1430 255 1473 286 44

1430 1134 1474 1165 45

1419 1867 1471 1907 14
