1673 2505
455 77 1417 118 PHlLOSOPH.F.V16—14.329

79 183 152 228 καὶ
171 187 348 234 πολλοῖς
368 181 391 225 6
413 181 544 237 λόγος
570 185 625 237 ἠν
652 181 726 226 διὰ
753 185 962 238 σπουδῆς,
989 180 1048 233 ὡς
1074 181 1202 234 εἰκός,
1230 180 1317 228 ὑπὸ
1340 186 1420 226 τοῦ

81 240 337 286 δεινοτάτου
356 243 446 283 τῶν
466 240 669 313 ῥητόρων
690 243 751 292 εἰς
769 239 850 296 τὴν
869 244 1106 295 καλλίστην
1131 242 1422 296 πεποιημένος

79 299 307 344 ὑπόθεσιν.
357 297 488 342 Τοῦτ’
518 297 623 354 ήνια
648 303 853 372 Καισαρα
868 302 1152 372 κατηγορίαν
1185 297 1323 342 αὑτοῦ
1348 316 1422 342 νο-

79 362 256 429 μιζοντα
275 355 354 400 τὸν
374 359 453 400 τοῦ
467 356 735 412 τεθνηκότος
749 357 808 400 δι’
826 355 964 401 αὑτὸν
982 361 1176 400 ἔπαινον.
1197 356 1422 413 Ἐγραψεν

44 411 164 460 ῦοῦν
201 414 364 466 πολλάς
401 432 524 466 τινας
559 433 667 458 κατα
704 419 782 458 τοῦ
816 415 1029 466 Κάτωνος
1060 418 1201 466 αι’τιάς
1232 428 1424 470 συναγα-

78 473 188 530 γών·
231 472 280 516 τὸ
326 473 376 516 δὲ
419 477 593 529 βιβλιον
635 472 898 517 Ἀντικάτων
943 475 1262 531 ἐπιγέγραπται.
1332 473 1421 516 Καὶ

79 530 357 583 σπουδαστὰς
382 535 468 587 ἔχει
493 534 582 575 τῶν
610 531 755 586 λογων
782 531 985 586 ἑκάτερος
1012 533 1084 575 διὰ
1113 536 1318 588 Καίσαρα
1349 532 1422 575 καὶ

79 590 272 634 Κάτωνα
303 590 505 641 πολλούς.
539 615 592 621 -—
624 592 689 634 Id.
722 591 801 634 Cic.
832 596 887 635 39
913 590 958 633 Ο
990 595 1180 646 Καῖσαρ,
1213 609 1272 642 ως
1304 588 1423 634 εἶδεν

79 647 217 692 αὐτὸν
247 650 518 704 (Ciceronem)
555 646 669 691 πολυ
706 647 790 703 πρὸ
828 651 918 692 τῶν
956 647 1104 692 ἄλλων
1143 648 1422 699 ἀπαντῶντα,

28 721 60 746 ιο
77 707 236 762 κατέβη
269 707 341 749 καὶ
374 705 601 762 ἠσπάσατο
638 706 712 749 καὶ
744 706 1056 762 διαλεγόμενος
1088 707 1211 765 μόνῳ
1245 710 1423 763 συχνῶν

78 768 272 809 σταδίων
305 763 415 808 ὁδὸν
441 768 682 821 προῆλθεν.
721 763 791 807 Ἐκ
818 765 866 808 δε
890 765 1053 809 τούτου
1079 747 1259 809 διετέλει
1283 769 1425 821 τιμῶν

77 823 150 866 καὶ
182 823 613 894 φιλοφρονούμενος,
646 822 756 866 ὥστε
781 823 854 866 καὶ
882 823 1102 880 γράψαντι
1128 823 1263 879 λόγον
1291 824 1424 879 ἐγκώ-

78 899 181 938 μιον
220 881 436 932 Κάτωνος
473 880 761 938 ἀντιγράφων
798 882 878 925 τόν
915 899 961 925 τε
999 881 1136 938 λόγον
1174 881 1313 925 αὐτοῦ
1350 882 1423 925 καὶ

76 939 156 984 τόν
183 943 284 995 βίον
312 958 371 991 ως
396 939 584 995 μαλιστα
608 943 671 1013 τῷ
690 941 958 999 Περικλέους
984 940 1157 984 ἐοικότα
1182 941 1255 983 καὶ
1281 944 1424 997 Θηρα-

27 1011 59 1038 15
78 1000 248 1071 μένους
281 1000 488 1042 ἐπαινειν.
544 997 589 1040 O
626 1016 706 1053 μεν
744 1001 829 1042 οὐν
867 1000 1120 1054 Κικέρωνος
1164 999 1295 1054 λόγος
1331 999 1424 1042 Κά-

76 1074 187 1112 των,
229 1055 252 1100 ὁ
286 1055 335 1100 δε
366 1061 595 1111 Καίσαρος
624 1056 886 1100 Ἀντικάτων
919 1059 1240 1114 ἐπιγέ.γραπται
1273 1083 1327 1088 -
1362 1059 1424 1111 Cf.

76 1118 195 1161 schol.
231 1117 324 1159 Iuv.
362 1117 436 1159 VI
454 1121 555 1167 338,
592 1118 723 1158 Mart.
755 1117 812 1159 Ca
788 1131 853 1170 ap
892 1117 933 1159 V
957 1121 1042 1160 468
1078 1132 1137 1160 ex.
1166 1131 1211 1170 p.
1242 1120 1337 1159 463.
1368 1120 1424 1159 21

77 1177 223 1218 Halm.

170 1235 234 1276 13.
280 1233 383 1276 Geli.
421 1233 555 1275 XIII
584 1237 654 1276 20.
690 1238 718 1275 3
759 1234 845 1275 Hic
887 1257 934 1263 —-
982 1237 1039 1275 cst
1080 1234 1143 1275 M.
1181 1233 1298 1287 Cato,
1342 1248 1424 1275 non

25 1305 60 1331 20
78 1296 331 1346 coynomento
356 1292 502 1345 Nepos,
533 1293 602 1334 sed
624 1292 687 1333 M.
707 1291 874 1334 Catonis
897 1293 1068 1333 censorii
1098 1306 1146 1334 ex
1175 1293 1261 1345 filio
1291 1306 1424 1346 nepos,

77 1353 148 1405 qui
172 1355 292 1404 pater
320 1351 405 1403 fuit
433 1351 496 1392 M.
530 1350 707 1404 Catonis,
733 1352 932 1404 praetorii
961 1352 1054 1404 viri,
1085 1352 1156 1403 qui
1186 1352 1283 1392 bello
1315 1353 1425 1393 civili

85 1410 224 1453 Uticae
252 1423 385 1452 necem
415 1410 494 1451 sibi
519 1410 658 1463 yladio
695 1423 824 1450 manu
858 1423 937 1451 sua
972 1411 1183 1459 conscivit,·
1225 1411 1272 1451 de
1308 1411 1425 1452 cuius

76 1470 162 1510 vita
193 1469 292 1510 liber
323 1468 460 1510 estDI.
481 1467 696 1521 Ciceronis,
727 1469 798 1520 qui
827 1468 1065 1509 inscribitur
1097 1468 1204 1510 ‘laus
1230 1467 1424 1522 Catonis’,

76 1541 194 1580 quem
219 1529 264 1568 in
295 1528 427 1568 eodem
459 1527 559 1568 libro
590 1527 696 1568 idem
721 1525 858 1568 Cicero
881 1530 1141 1579 pronepotem
1169 1527 1298 1578 fuisse
1327 1528 1426 1569 dicit

25 1596 59 1623 25
77 1586 140 1628 M.
173 1585 340 1628 Catonis
371 1586 552 1627 censorii.
606 1585 715 1626 Eius
744 1586 882 1639 igitur,
913 1598 1030 1637 quem
1061 1585 1196 1627 Cicero
1229 1586 1423 1639 laudavit,

69 1648 192 1698 pater
227 1644 290 1686 liic
318 1644 404 1695 fuit
432 1644 495 1685 M.
528 1643 644 1694 Cato,
683 1645 797 1685 cuius
827 1645 1027 1685 orationes
1055 1644 1247 1696 feruntur
1279 1645 1423 1686 inscri-

70 1707 168 1756 ptae
197 1703 260 1744 M.
293 1702 460 1745 Catonis
490 1703 670 1755 Nepotis.
703 1726 757 1731 ——
790 1702 855 1744 Id.
886 1702 936 1743 ib.
965 1705 1019 1743 14
1050 1702 1098 1744 Is
1128 1703 1191 1744 M.
1218 1701 1318 1744 Cato
1350 1704 1425 1744 tri-

78 1762 209 1804 bunus
226 1762 286 1814 pl.
309 1762 395 1813 fuit
417 1765 453 1802 et
474 1764 713 1814 praeturam
730 1765 872 1814 petens
895 1765 1063 1802 mortem
1095 1761 1202 1814 obiit,
1234 1775 1282 1802 ex
1306 1774 1424 1813 eoque

77 1824 200 1862 natus
231 1823 289 1862 est
316 1820 380 1861 M.
412 1819 512 1861 Cato
536 1821 786 1873 praetorius,
824 1820 895 1872 qui
924 1833 965 1861 se
1001 1820 1098 1861 bello
1135 1820 1246 1861 civili
1286 1820 1425 1862 Uticae

27 1889 61 1916 ‘30
77 1879 301 1928 interemit,·
345 1879 392 1920 de
434 1879 550 1920 cuius
591 1879 676 1920 vita
719 1878 983 1931 laudibusque
1026 1892 1116 1919 cum
1159 1878 1223 1919 M.
1263 1879 1426 1920 Tullius

77 1937 280 1991 scriberet,
318 1940 571 1989 pronepotem
608 1951 698 1978 eum
736 1936 904 1979 Catonis
940 1938 1110 1978 censorii
1146 1937 1252 1978 dixit
1284 1937 1423 1988 fuisse.

172 1996 234 2037 14.
271 1996 454 2037 Mam-ob.
485 1995 572 2037 Sat.
612 1995 679 2036 VI
703 1998 744 2037 2.
774 1999 830 2037 33
867 1995 952 2036 Nec
985 1996 1119 2037 Tullio
1157 1996 1425 2048 compilando,

77 2055 291 2096 dummodo
310 2055 488 2106 undique
506 2057 746 2095 ornamenta
765 2054 842 2095 sibi
860 2054 1067 2108 conferret,
1086 2054 1285 2095 abstinuit
1302 2054 1425 2106 (Ver-

74 2112 240 2167 9ilius):
279 2111 335 2154 ‘O
363 2113 483 2164 fama
512 2113 670 2166 inqens,
706 2113 908 2165 inycntior
937 2113 1084 2167 armis,
1120 2113 1184 2153 vir
1218 2112 1425 2154 Troiane?

25 2181 59 2208 85
79 2172 232 2224 Nempe
273 2171 345 2212 hoc
387 2172 467 2221 ait,
510 2172 694 2212 Aeneam
733 2173 894 2222 famam
929 2184 1049 2212 suam
1089 2171 1212 2223 factis
1251 2171 1426 2223 fortibus

77 2243 388 2284 superyressum,
414 2243 505 2271 cum
522 2230 762 2283 plerumque
784 2230 903 2281 fama
921 2230 977 2271 sit
999 2231 1134 2271 maior
1157 2230 1285 2271 rebus.
1328 2228 1425 2271 Sen-

77 2302 147 2330 sus
182 2289 247 2330 hic
283 2289 330 2329 in
367 2287 517 2330 Catone
554 2287 758 2330 Ciceronis
794 2291 851 2329 est
891 2288 955 2329 liis
997 2288 1147 2330 verbis:
1193 2287 1424 2342 Continge-
