1663 2490
204 9 260 50 30
728 7 792 42 DE
817 8 877 42 OF
879 7 1017 43 FICIIS

205 115 327 165 Quod
371 130 505 172 genus
549 115 750 170 peccandi
793 116 1016 157 vitandum
1059 119 1125 157 est
1166 117 1296 158 etiam
1334 117 1378 158 in
1415 118 1542 160 rebus

204 175 391 217 urbanis.
443 173 550 216 Sunt
577 174 702 228 enim,
734 174 818 228 qui,
851 175 964 228 quod
989 176 1192 229 sentiunt,
1225 176 1306 217 etsi
1333 176 1544 230 optimum

206 234 280 287 sit,
312 236 456 275 tamen
488 233 673 274 invidiae
706 235 823 274 metu
854 247 941 274 non
973 233 1157 283 audeant
1189 234 1338 276 dicere.

134 278 190 362 ἓξ)
294 292 478 335 Omnino
511 292 583 346 qui
616 292 676 333 rei
709 291 906 345 publicae
931 291 1169 346 praefuturi
1197 295 1309 346 sunt,
1341 293 1423 335 duo
1448 293 1544 335 Pla-

189 352 320 393 -tonis
352 354 581 406 praecepta
616 352 808 404 teneant,
846 364 993 405 unum,
1031 354 1078 391 ut
1115 351 1350 393 utilitatem
1388 352 1543 394 civium

206 410 266 452 sic
297 413 511 463 tueantur,
540 412 606 461 ut,
639 422 928 463 quaecumque
961 412 1113 465 agunt,
1146 410 1199 451 ad
1231 425 1324 451 eam
1357 411 1545 453 referant

206 469 331 510 obliti
358 468 677 510 commodorum
705 481 891 520 3110111111,
924 468 1119 523 alterum,
1151 472 1198 510 ut
1224 472 1365 510 totum
1391 485 1544 525 corpus

180 528 265 569 'rei
298 528 494 582 publicae
527 529 688 580 curent,
719 540 784 579 ne,
816 526 916 567 dum
948 529 1116 581 partem
1143 528 1332 582 aliquam
1358 531 1545 582 tuentur,

205 587 392 640 reliquas
426 586 636 626 deserant.
697 583 759 626 Ut
790 586 902 626 enim
934 586 1082 639 tutela,
1115 586 1174 628 316
1205 587 1451 641 procuratio
1483 588 1546 629 rei

205 645 402 700 publicae
429 644 481 685 ad
509 658 656 685 eorum
682 643 929 697 utilitatem,
962 644 1035 698 qui
1066 646 1284 686 commissi
1317 649 1428 700 sunt,
1459 661 1546 688 non

206 704 259 745 ad
297 718 461 756 eorum,
505 702 659 757 quibus
704 702 932 744 commissa
976 706 1058 756 est,
1109 704 1295 758 gerenda
1341 709 1423 758 est;
1473 705 1546 759 qui

206 765 348 804 autem
381 761 496 828 parti
528 761 684 803 civium
711 762 951 815 consulunt,
983 764 1151 816 partem
1176 763 1424 818 neglegunt,
1455 778 1546 805 rem

205 821 613 876 perniciosissimam
640 820 684 860 in
710 820 930 862 civitatem
957 820 1173 874 inducunt,
1206 822 1458 863 seditionem
1485 826 1546 864 at-

206 894 286 934 que
319 879 592 933 discordiam3
624 893 674 920 ex
707 893 790 933 quo
823 879 981 931 evenit,
1014 883 1060 920 ut
1093 879 1167 920 alii
1198 882 1439 946 populares,
1471 882 1547 922 alii

206 938 387 980 studiosi
414 938 568 993 optimi
595 938 797 992 cuiusque
823 938 1060 990 videantur,
1087 940 1210 993 pauci
1236 940 1545 982 universorum.

136 1009 178 1040 66
206 997 317 1039 Η1116
349 998 462 1052 apud
496 997 773 1038 Atheniensis
805 1011 987 1051 magnae
1026 997 1277 1052 discordiae,
1314 999 1358 1040 in
1396 1002 1546 1040 nostra

206 1071 250 1098 re
282 1057 456 1111 publica
487 1071 572 1098 non
605 1056 744 1097 solum
776 1056 1025 1109 seditiones,
1063 1057 1136 1097 sed
1172 1057 1302 1098 etiam
1339 1057 1546 1112 pestifera

205 1116 322 1157 bella
360 1115 520 1169 eivilia3
563 1129 670 1169 quae
703 1115 847 1170 gravis
880 1118 922 1156 et
953 1114 1078 1156 fortis
1111 1115 1215 1156 civis
1248 1119 1291 1157 et
1321 1116 1365 1157 in
1396 1131 1441 1157 re
1473 1132 1546 1172 pu-

206 1175 319 1216 blica
351 1174 504 1229 dignus
543 1174 787 1229 principatu
818 1173 956 1229 fugiet
989 1177 1116 1228 atque
1150 1174 1287 1216 oderit
1319 1176 1545 1230 tradetque

207 1248 251 1275 se
282 1236 423 1275 totum
455 1233 516 1274 rei
550 1233 748 1287 publicae
780 1246 914 1286 neque
947 1247 1049 1287 opes
1082 1236 1156 1274 aut
1184 1234 1423 1288 potentiam
1449 1249 1544 1276 6011-

207 1293 442 1334 sectabitur
466 1295 690 1346 totamque
717 1305 809 1332 eam
837 1291 896 1332 sic
923 1292 1124 1345 tuebitur,
1150 1295 1198 1333 ut
1225 1293 1423 1334 omnibus
1451 1307 1546 1335 con-

208 1352 340 1405 sulat3
366 1366 441 1393 nec
466 1365 567 1393 vero
594 1350 844 1392 criminibus
870 1350 992 1391 falsis
1016 1351 1060 1391 in
1081 1351 1224 1392 odium
1246 1354 1320 1392 aut
1338 1352 1545 1393 invidiam

207 1425 463 1465 quemquam
486 1409 657 1451 vocabit
677 1410 933 1462 omninoque
951 1409 1013 1450 ita
1032 1409 1222 1451 iustitiae
1243 1410 1545 1475 honestatique

207 1469 498 1522 adhaerescet,
535 1471 601 1522 ut,
638 1468 737 1509 dum
771 1483 820 1509 ea
851 1472 1090 1522 conservet,
1130 1469 1325 1523 quamvis
1357 1470 1546 1524 graviter

207 1528 394 1570 offendat
426 1530 692 1581 mortemque
725 1529 903 1591 oppetat
934 1527 1078 1582 potius
1105 1542 1232 1581 quam
1260 1527 1428 1570 deserat
1456 1528 1544 1582 illa,

137 1598 178 1629 87
207 1602 314 1642 quae
341 1587 438 1628 dixi
488 1586 728 1628 Miseirima
755 1586 927 1627 omnino
955 1589 1020 1627 est
1046 1586 1223 1628 ambitio
1250 1586 1545 1642 honorumque

206 1646 436 1699 contentio,
463 1645 513 1686 de
541 1660 624 1699 qua
649 1645 868 1699 praeclare
893 1645 1005 1710 apud
1027 1645 1205 1686 eundem
1227 1648 1291 1686 est
1307 1645 1546 1700 Platonem,

207 1705 474 1746 31111111161
498 1704 670 1746 facere
696 1718 797 1757 603,
824 1703 906 1758 qui
933 1704 1068 1745 inter
1088 1718 1138 1745 se
1159 1705 1546 1759 contenderent,

207 1767 318 1805 uter
349 1763 522 1818 potius
555 1778 657 1804 rem
689 1763 948 1818 publicam
975 1762 1385 1817 administiQaret
1416 1766 1471 1805 ut
1503 1739 1546 1805 si

207 1825 392 1864 nautae
425 1824 703 1875 certarent,
745 1821 855 1875 quis
896 1836 1066 1863 eorum
1099 1797 1423 1876 potissimu'm
1462 1837 1545 1878 gu-

208 1881 473 1923 beimnaret'
524 1881 726 1935 Idemque
752 1880 971 1935 praecipit,
1004 1880 1093 1921 ut
1105 1894 1187 1921 eos
1220 1880 1545 1923 adversarios

209 1940 576 1993 existimemus,
608 1940 692 1994 qui
725 1954 862 1980 arma
894 1942 1073 1980 contra
1101 1940 1289 1992 ferant,
1320 1954 1418 1981 non
1444 1954 1546 1993 603,

208 1999 291 2054 qui
336 2013 423 2040 suo
468 1974 659 2040 iudicio
708 1998 841 2039 tueri
891 2012 992 2038 rem
1042 1998 1299 2052 publicam
1350 1999 1547 2052 velint’,

209 2058 347 2113 qualis
388 2058 471 2098 fuit
507 2058 618 2098 inter
656 2057 700 2098 P.
740 2056 991 2098 Africanum
1031 2059 1072 2097 et
1111 2055 1157 2104 Q.
1195 2056 1418 2099 Metellum
1456 2033 1548 2098 31116,

208 2117 442 2159 acerbitate
476 2116 697 2158 dissensio.

138 2186 181 2217 88
296 2175 384 2217 Nec
424 2190 521 2217 vero
562 2175 775 2228 audiendi,
814 2175 885 2228 qui
924 2174 1113 2230 graviter
1151 2174 1333 2216 inimicis
1366 2175 1547 2216 irascen-

209 2235 308 2276 dum
348 2235 561 2289 putabunt
598 2234 723 2288 idque
769 2233 1030 2286 magnanimi
1075 2235 1117 2273 et
1160 2232 1285 2273 fortis
1331 2233 1412 2274 viri
1456 2248 1547 2274 esse

1567 661 1598 686 10

1567 952 1598 978 15

1565 1247 1597 1272 20

1565 1540 1598 1566 25

1566 1834 1598 1860 30

1567 2127 1598 2153 85

1649 645 1660 670 11

1648 939 1660 964 15
