1663 2490
92 617 134 648 12

92 1143 132 1174 13

90 1847 132 1878 14

162 87 188 128 6
690 86 753 121 DE
781 86 979 121 oFans

162 195 313 249 solum,
335 194 447 249 quod
462 194 582 236 adest
603 194 797 249 quodque
817 208 1018 249 praesens
1039 197 1117 249 est,
1138 209 1182 236 se
1202 194 1499 237 accommodat

161 254 337 308 paulum
376 253 601 295 admodum
643 253 829 295 sentiens
867 253 1149 308 praeteritum
1181 255 1256 294 aut
1286 253 1499 307 futurum,

160 312 290 354 homo
323 315 484 366 autem,
523 311 636 366 quod
667 311 847 353 rationis
883 314 948 352 est
984 312 1219 366 particeps,
1256 326 1332 366 per
1370 327 1498 366 quam

161 371 466 425 consequentia
486 371 631 423 cernit,
659 384 808 411 causas
828 383 971 411 rerum
990 370 1106 411 videt
1126 384 1357 424 earumque
1380 385 1498 425 prae·

162 443 334 484 gressus
355 432 398 470 et
419 429 541 483 quasi
561 428 873 470 antecessiones
891 443 977 470 non
990 429 1174 484 ignorat,
1195 429 1496 470 similitudines
1535 439 1551 465 ⁵

161 491 383 543 comparat
402 489 612 541 rebusque
633 487 929 541 praesentibus
951 487 1146 542 adiungit
1161 490 1289 542 atque
1310 487 1498 530 adnectit

159 546 346 599 futuras,
383 546 508 588 facile
545 545 680 587 totius
718 545 833 587 vitae
870 559 1041 587 cursum
1079 546 1196 587 videt
1234 546 1288 587 ad
1320 560 1498 601 eamque

161 605 396 660 degendam
434 607 666 659 praeparat
702 617 770 645 res
807 605 1081 646 necessarias.
1140 604 1387 659 Eademque
1426 619 1498 647 na-

160 667 258 705 tura
289 664 330 704 vi
362 663 542 704 rationis
574 662 791 704 hominem
822 663 1022 704 conciliat
1052 663 1217 704 homini
1247 666 1290 705 et
1322 664 1375 705 ad
1407 678 1498 706 ora-

160 722 289 764 tionis
329 725 372 763 et
409 722 462 763 ad
499 721 613 763 vitae
652 721 900 763 societatem
931 721 1239 787 ingeneratque
1269 722 1315 763 in
1344 722 1495 776 primis
1520 733 1551 758 10

159 781 435 836 praecipuum
474 780 684 834 quendam
722 794 912 821 amorem
948 780 993 821 in
1033 794 1123 834 eos,
1167 780 1240 834 qui
1282 781 1498 835 procreati

161 843 272 893 sunt,
304 839 586 893 impellitque,
618 842 667 880 ut
697 838 920 880 hominum
948 841 1093 880 coetus
1120 842 1163 880 et
1188 839 1498 881 celebrationes

160 901 204 939 et
235 912 327 939 esse
360 901 402 939 et
434 913 459 939 a
491 912 535 939 se
567 897 678 939 obiri
708 897 814 938 velit
852 897 906 939 ob
946 911 1100 951 easque
1139 912 1289 939 causas
1329 897 1498 939 studeat

159 971 311 1012 parare
344 971 405 1010 ea,
435 954 548 1010 'quae
582 956 856 1011 suppeditent
887 955 940 997 ad
972 956 1135 998 cultum
1167 959 1209 997 et
1241 957 1293 998 ad
1325 957 1497 1011 victum,

158 1030 236 1057 nec
261 1015 344 1057 sibi
371 1015 464 1068 soli,
491 1015 562 1056 sed
590 1015 771 1070 coniugi,
799 1015 945 1056 liberis
973 1015 1220 1070 ceterisque,
1247 1029 1352 1069 quos
1374 1029 1496 1057 caros
1518 1027 1550 1052 15

159 1074 319 1116 habeat
355 1074 550 1128 tuerique
588 1074 758 1125 debeat;
804 1088 909 1127 quae
954 1088 1054 1114 cura
1094 1074 1328 1115 exsuscitat
1365 1074 1496 1116 etiam

160 1133 325 1174 animos
359 1136 401 1174 et
433 1133 615 1174 maiores
643 1132 694 1173 ad
725 1147 815 1173 rem
841 1132 1069 1187 gerendam
1095 1132 1210 1174 facit.
1254 1132 1305 1173 In
1328 1133 1497 1187 primis-

160 1206 240 1246 que
271 1191 458 1233 hominis
491 1199 556 1232 est
587 1191 762 1245 propria
791 1191 882 1232 veri
913 1191 1133 1244 inquisitio
1166 1193 1294 1245 atque
1322 1191 1497 1233 investi·
1551 1207 1553 1211 ·

159 1250 290 1306 gatio.
339 1249 491 1304 Itaque
520 1265 613 1291 cuni
643 1264 787 1290 sumus
814 1250 1065 1291 necessariis
1092 1250 1278 1304 negotiis
1300 1250 1496 1304 curisque

157 1309 299 1363 vacui,
335 1311 429 1350 tum
468 1322 642 1350 avemus
680 1308 842 1362 aliquid
878 1308 1039 1362 videre,
1076 1308 1239 1362 audire,
1278 1308 1492 1350 addiscere
1513 1320 1549 1346 20

158 1367 531 1424 cognitionemque
569 1381 711 1408 rerum
749 1369 824 1407 aut
861 1367 1123 1408 occultarum
1157 1369 1232 1408 aut
1270 1367 1495 1409 admirabi-

158 1427 263 1468 lium
309 1426 362 1468 ad
405 1427 529 1467 beate
567 1425 794 1467 vivendum
837 1425 1121 1467 necessariam
1165 1425 1368 1467 ducimus.
1429 1425 1496 1468 EA

159 1500 242 1540 quo
268 1485 550 1540 intellegitur,
577 1484 690 1538 quod
714 1498 874 1537 verum,
900 1484 1081 1539 simplex
1108 1484 1401 1539 sincerumque
1427 1485 1496 1539 sit,

158 1544 202 1585 id
222 1558 313 1585 esse
339 1546 519 1585 naturae
544 1542 731 1584 hominis
757 1542 1039 1597 aptissimum.
1082 1542 1194 1585 Huic
1212 1543 1302 1585 veri
1325 1543 1496 1586 videndi

158 1602 385 1658 cupiditati
416 1602 617 1644 adiuncta
649 1604 715 1642 est
746 1601 952 1656 adpetitio
983 1601 1191 1656 quaedam
1216 1602 1495 1657 principatus,
1514 1614 1548 1639 2³

158 1664 207 1703 ut
242 1660 403 1702 nemini
439 1675 589 1716 parere
628 1660 794 1702 animus
832 1660 939 1701 bene
976 1660 1233 1702 informatus
1271 1675 1297 1703 a
1339 1664 1496 1704 natura

158 1720 264 1761 velit
294 1720 377 1761 nisi
409 1719 689 1775 praecipienti
721 1721 796 1760 aut
827 1719 995 1761 docenti
1027 1721 1101 1761 aut
1131 1719 1334 1761 utilitatis
1366 1734 1495 1762 causa

157 1779 269 1820 iuste
301 1782 344 1819 et
374 1778 567 1834 legitime
598 1778 845 1833 imperanti3
880 1792 930 1819 ex
963 1792 1045 1832 quo
1077 1777 1329 1834 magnitudo
1362 1779 1494 1820 animi

160 1837 305 1878 existit
341 1837 710 1891 humanarumque
748 1851 889 1878 rerum
931 1836 1203 1891 contemptio.
1264 1835 1354 1879 Nec
1390 1851 1492 1880 vero

157 1896 235 1937 illa
260 1910 394 1950 parva
418 1896 483 1937 vis
509 1899 689 1937 naturae
715 1898 780 1936 est
811 1895 1087 1949 rationisque,
1120 1895 1232 1949 quod
1256 1910 1387 1937 unum
1412 1895 1493 1938 hoc
1512 1906 1547 1933 3⁰

158 1954 317 1996 animal
345 1955 487 2008 sentit,
520 1954 621 2009 quid
647 1954 704 1996 sit
735 1954 850 2008 ordo,
883 1953 983 2008 quid
1015 1954 1083 2008 sit,
1116 1954 1228 2008 quod
1260 1954 1418 2009 deceat,
1447 1954 1494 1997 in

156 2013 284 2055 factis
329 2013 537 2067 dictisque
581 2013 654 2067 qui
692 2013 853 2055 modus.
913 2012 1064 2066 Itaque
1106 2027 1252 2054 eorum
1288 2013 1493 2069 ipsorum,

158 2087 266 2126 quae
299 2074 473 2127 aspectu
505 2072 759 2125 sentiuntur,
790 2072 955 2113 nullum
982 2071 1097 2113 aliud
1124 2072 1283 2113 animal
1308 2072 1493 2127 pulchri-

157 2130 366 2183 tudinem,
409 2133 697 2185 venustatem,
740 2130 1079 2172 convenientiam
1116 2131 1305 2184 partium
1344 2131 1492 2185 sentit3

158 2203 287 2243 quam
320 2188 643 2230 similitudinem
674 2191 830 2230 natura
859 2189 1054 2243 ratioque
1086 2188 1140 2230 ab
1167 2190 1300 2231 oculis
1327 2190 1380 2231 ad
1406 2190 1492 2232 ani-
1511 2201 1543 2229 35
1602 2232 1604 2239 y
1650 2205 1651 2214 ¹

158 2263 275 2289 mum
312 2247 574 2289 transferens
612 2248 749 2289 multo
785 2247 914 2289 etiam
947 2247 1086 2303 magis
1118 2248 1492 2304 pulchritudinem,

157 2306 458 2362 constantiam,
489 2306 680 2349 ordinem
712 2306 755 2346 in
787 2305 975 2347 consiliis
1000 2306 1211 2360 factisque
1240 2321 1492 2350 conservan-
