1663 2490
440 32 530 68 ΜΒ.
558 33 601 68 11.
646 32 746 69 CAP.
776 38 829 78 13,
858 37 911 70 14.
955 36 975 76 ς)
999 37 1149 70 45—50.
1409 37 1463 77 73

126 140 347 183 sermonis.
408 139 595 182 Exstant
633 141 844 196 epistulae
881 144 925 183 et
961 141 1152 197 Philippi
1191 143 1244 184 ad
1281 142 1462 184 Alexan-

126 200 249 240 drum
292 202 336 241 et
373 199 596 254 Antipatri
641 200 694 241 ad
732 199 1020 242 Cassandrum
1065 204 1108 242 et
1154 201 1365 256 Antigoni
1409 203 1463 243 ad

124 258 373 313 Philippum
410 259 564 312 filium,
603 259 734 300 trium
773 259 1204 314 prudentissimorum
1235 259 1316 315 (sic
1348 261 1460 302 enim

125 316 408 371 accepimus);
446 317 601 371 quibus
640 318 926 373 praecipiunt,
963 321 1011 359 ut
1049 319 1243 360 oratione
1276 319 1463 374 benigna

88 375 413 416 §multitudinis
453 376 618 417 animos
662 376 714 417 ad
752 377 1089 419 benivolentiam
1128 377 1322 419 alliciant
1353 379 1462 419 mili-

124 437 272 488 tesque
304 434 460 476 blande
498 435 756 489 appellando
796 437 1024 488 [sermone]
1065 436 1282 478 deliniant.
1345 435 1463 485 Quae

124 496 267 534 autem
299 493 343 534 in
374 493 649 535 multitudine
681 508 775 535 cum
802 495 1075 537 contentione
1099 495 1284 536 habetur
1310 496 1463 549 oratio,

123 567 174 594 ea
200 566 325 607 saepe
351 552 595 594 universam
622 553 780 594 excitat
807 554 1047 609 [gloriam];
1074 569 1232 610 magna
1261 557 1324 595 est
1350 555 1462 595 enim

124 610 351 653 admiratio
406 611 577 665 copiose
627 612 926 667 sapienterque
970 613 1168 668 dicentis;
1219 627 1345 668 quem
1389 614 1463 667 qui

70 681 105 707 ιο
124 669 320 723 audiunt,
357 670 609 727 intellegere
641 671 772 712 etiam
804 674 847 712 et
878 686 1029 726 sapere
1060 673 1158 727 plus
1190 687 1319 727 quam
1351 675 1461 713 cete-

124 743 195 770 ros
228 729 506 771 arbitrantur.
555 728 599 770 Si
625 744 726 771 vero
758 730 871 771 inest
902 731 947 772 in
978 731 1172 773 oratione
1204 731 1341 772 mixta
1372 746 1462 773 mo-

124 787 262 829 destia
293 789 505 843 gravitas,
536 788 645 829 nihil
678 789 975 831 admirabilius
1006 790 1101 831 fieri
1133 793 1294 845 potest,
1327 805 1461 845 eoque

124 847 281 902 magiS,
314 847 350 888 si
382 861 432 889 ea
457 850 556 888 sunt
581 847 625 888 in
651 847 932 891 adulescente.
995 847 1078 890 Sed
1103 863 1198 890 cum
1225 849 1312 890 sint
1336 849 1462 904 plura

124 920 350 947 causarum
382 919 557 961 genera,
597 921 704 961 quae
742 907 1034 961 eloquentiam
1066 908 1323 961 desiderent,
1356 908 1462 949 mul-

72 975 104 1001 15
124 964 242 1018 tique
274 964 318 1005 in
348 967 499 1006 nostra
530 979 574 1006 re
605 965 779 1020 publica
811 966 1105 1008 adulescentes
1138 970 1181 1007 et
1213 967 1325 1021 apud
1357 967 1462 1007 iudi-

123 1037 190 1065 ces
224 1025 267 1064 et
292 1023 405 1078 apud
429 1024 638 1079 populum
665 1027 707 1065 et
733 1025 846 1079 apud
872 1028 1069 1066 senatum
1095 1025 1270 1067 dicendo
1292 1025 1462 1067 laudem

123 1082 309 1123 assecuti
340 1082 447 1134 sint,
479 1083 667 1124 maxima
698 1086 764 1124 est
796 1083 1024 1126 admiratio
1056 1084 1100 1125 in
1133 1084 1318 1139 iudiciis,
1362 1099 1463 1139 quo-

123 1156 218 1182 rum
249 1141 360 1183 ratio
393 1141 549 1196 duplex
581 1145 658 1183 est.
719 1141 833 1184 Nam
866 1157 915 1184 ex
948 1143 1218 1185 accusatione
1251 1146 1294 1185 et
1319 1158 1369 1184 ex
1397 1143 1463 1184 de-

122 1200 313 1241 fensione
345 1203 534 1254 constat3
567 1215 747 1255 quarum
774 1202 856 1243 etsi
882 1202 1142 1243 laudabilior
1168 1205 1234 1243 est
1260 1202 1462 1255 defensio,

69 1269 103 1296 20
122 1262 267 1300 tamen
313 1259 443 1300 etiam
487 1260 703 1302 accusatio
747 1261 932 1315 probata
974 1276 1181 1316 persaepe
1219 1264 1295 1302 est.
1362 1261 1463 1303 Dixi

122 1318 251 1372 paulo
285 1320 384 1359 ante
421 1318 471 1359 de
504 1317 681 1373 Crasso3
718 1319 831 1361 idem
869 1320 973 1361 fecit
1004 1320 1252 1362 adulescens
1285 1319 1340 1362 M.
1374 1320 1462 1361 An-

122 1377 277 1418 tonius.
337 1377 483 1418 Etiam
521 1377 567 1419 P.
606 1377 768 1433 Sulpici
806 1379 1097 1433 eloquentiam
1144 1380 1360 1421 accusatio
1402 1379 1463 1420 in-

123 1436 343 1490 lustravit,
375 1450 471 1478 cum
503 1436 755 1479 seditiosum
787 1440 830 1479 et
860 1438 1058 1480 inutilem
1089 1438 1245 1492 civem,
1277 1437 1323 1482 C.
1355 1438 1462 1480 Nor-

123 1495 300 1548 banum,
344 1495 388 1536 in
432 1495 634 1537 iudicium
671 1497 854 1538 vocavit.
922 1495 1005 1538 Sed
1042 1498 1123 1539 hoc
1161 1498 1332 1552 quidem
1375 1513 1462 1539 non

67 1563 103 1589 ²⁵
123 1556 190 1595 est
222 1569 347 1608 saepe
380 1553 621 1596 faciendum
652 1570 729 1597 nec
759 1571 966 1611 umquam
1002 1556 1087 1598 nisi
1125 1559 1200 1598 aut
1231 1557 1293 1598 rei
1324 1557 1462 1611 publi-

121 1627 194 1654 cae
231 1627 376 1666 causa,
414 1616 463 1654 ut
499 1614 548 1667 ii,
587 1629 693 1668 quos
733 1617 831 1656 ante
871 1615 975 1669 dixi,
1014 1618 1089 1656 aut
1119 1615 1370 1670 ulciscendi,
1414 1619 1463 1657 ut

121 1671 203 1713 duo
235 1671 422 1726 Luculli,
462 1675 536 1714 aut
573 1673 820 1728 patrocinii,
858 1677 906 1715 ut
944 1688 1022 1715 nos
1060 1689 1138 1729 pro
1172 1673 1345 1729 Siculis,
1383 1689 1461 1729 pro

121 1729 266 1772 Sardis
311 1731 355 1772 in
393 1730 578 1773 Albucio
624 1731 772 1774 Iulius.
841 1733 892 1774 In
936 1733 1174 1775 accusando
1220 1733 1351 1774 etiam
1395 1734 1463 1775 M.

121 1788 297 1844 Aquilio
335 1789 381 1831 L.
413 1790 507 1831 Fufi
546 1791 720 1846 cognita
758 1791 970 1833 industria
1011 1795 1087 1834 est.
1150 1790 1291 1833 Semel
1328 1792 1463 1849 igitur

69 1858 103 1884 ³0
123 1851 198 1890 aut
240 1863 327 1890 non
371 1864 497 1904 saepe
543 1853 667 1892 certe.
736 1848 810 1891 Sin
851 1851 951 1905 erit,
996 1852 1063 1892 cui
1111 1851 1354 1893 faciendum
1405 1852 1463 1892 sit

122 1908 310 1963 saepius,
341 1908 403 1949 rei
434 1909 632 1964 publicae
669 1909 836 1951 tribuat
867 1910 948 1952 hoc
979 1910 1187 1963 muneris,
1225 1910 1344 1952 cuius
1385 1911 1462 1952 ini-

121 1967 254 2008 micos
285 1967 434 2009 ulcisci
466 1968 636 2023 saepius
661 1983 749 2010 non
774 1971 840 2010 est
865 1968 1278 2024 reprehendendum,
1310 1970 1465 2011 modus

120 2028 264 2067 tamen
297 2026 420 2068 adsit.
482 2026 591 2068 Duri
629 2028 743 2069 enim
780 2028 967 2069 hominis
1005 2029 1074 2070 vel
1105 2028 1250 2084 potius
1282 2029 1353 2070 vix
1384 2029 1461 2071 ho-

120 2085 246 2126 minis
290 2085 460 2127 videtur
496 2086 734 2141 periculum
783 2087 937 2142 capitis
981 2087 1139 2129 inferre
1177 2088 1337 2129 multis.
1412 2088 1462 2130 Id

68 2148 100 2179 35
120 2157 216 2185 cum
246 2144 534 2200 periculosum
565 2145 650 2200 ipsi
681 2148 763 2199 est,
795 2149 888 2187 tum
914 2146 1045 2187 etiam
1072 2146 1290 2188 sordidum
1311 2147 1364 2188 ad
1398 2147 1461 2189 fa-

120 2217 251 2257 mam,
283 2204 570 2258 committere,
608 2207 657 2245 ut
688 2207 911 2247 accusator
942 2206 1180 2260 nominere3
1218 2206 1332 2261 quod
1364 2221 1462 2248 con-

120 2260 274 2317 tigiti
258 2261 314 2304 NI.
351 2261 488 2304 Bruto
529 2277 696 2306 summo
735 2278 889 2319 genere
926 2266 1049 2319 nato,
1084 2264 1203 2306 illius
1241 2265 1350 2320 filio,
1389 2265 1462 2320 qui

1488 861 1534 892 49

1488 1509 1540 1541 50»
