1663 2490
121 181 165 212 22
191 172 263 225 qui
295 171 468 212 omnino
500 185 714 224 nusquam
745 170 1030 224 reperiuntur.
1092 169 1209 211 Talis
1247 170 1383 226 igitur
1419 170 1532 212 inter

119 1500 167 1531 23

193 64 278 104 170
592 62 796 98 LAELIUS
821 62 886 97 DE
911 62 1131 97 AMICITIA

190 230 305 271 viros
332 229 522 271 amicitia
547 232 692 270 tantas
719 228 1037 283 oportunitates
1069 228 1213 282 habet,
1246 231 1428 283 quantas
1461 229 1531 271 vix

189 303 299 343 queo
332 289 481 329 dicere.
529 287 746 342 Principio
780 287 853 341 qui
883 289 1029 341 potest
1057 301 1147 329 esse
1172 288 1264 329 vita
1296 287 1531 340 ‘vitalis'‚

189 350 238 389 ut
270 347 331 388 ait
362 347 539 397 Ennius,
572 360 680 400 quae
711 359 798 386 non
828 345 873 386 in
905 345 1031 387 amici
1061 348 1211 388 mutua
1241 347 1533 388 benivolentia

190 406 482 471 conquiescit?
533 403 643 452 Quid
669 404 834 445 dulcius
855 419 983 458 quam
1002 404 1173 459 habere,
1199 405 1369 459 quicum
1389 405 1533 447 omnia
1569 417 1585 441 ⁵

190 465 346 507 audeas
380 464 439 505 sic
471 463 590 517 loqui
622 465 670 504 ut
700 463 870 504 tecum?
933 462 1014 510 Qui
1045 466 1158 504 esset
1190 466 1336 505 tantus
1367 463 1533 506 fructus

189 524 235 565 in
266 522 483 578 prosperis
516 522 657 575 rebus,
687 521 772 562 nisi
803 521 996 575 haberes,
1028 522 1101 576 qui
1131 522 1220 563 illis
1253 537 1401 577 aeque
1411 537 1460 564 ac
1485 525 1533 563 tu

189 582 281 637 ipse
315 581 551 647 gauderet?
585 580 786 622 adversas
818 595 918 622 vero
949 580 1060 622 ferre
1093 580 1266 622 difficile
1298 584 1411 622 esset
1443 582 1533 622 sine

190 656 258 695 eo,
289 641 362 694 qui
392 640 492 681 illas
525 639 698 694 gravius
734 639 864 680 etiam
896 654 1025 693 quam
1056 642 1104 680 tu
1135 639 1279 681 ferret.
1340 639 1534 694 Denique
1639 688 1642 692 ι

190 702 356 742 ceterae
388 713 468 753 res,
500 713 608 753 quae
641 700 911 753 expetuntur,
943 700 1180 752 oportunae
1213 701 1312 740 sunt
1338 699 1534 754 singulae
1555 711 1587 736 10
1638 716 1641 750 χ

189 759 318 800 rebus
349 757 437 799 fere
470 757 666 812 singuliS‚
698 757 884 811 divitiae,
914 760 964 798 ut
994 759 1129 811 utare,
1162 772 1277 812 opes,
1307 759 1356 798 ut
1381 757 1534 811 colare,
1624 756 1630 760 ’

190 817 388 871 honores,
418 819 467 857 ut
499 816 684 870 laudere,
715 816 973 870 voluptates,
1004 819 1053 857 ut
1085 816 1290 871 gaudeas,
1324 816 1530 870 valitudo,

190 879 238 917 ut
271 876 417 917 dolore
451 890 595 916 careas
628 877 671 916 et
702 875 949 916 muneribus
980 874 1161 930 fungare
1192 875 1400 930 corporis3
1433 875 1535 916 ami-

190 935 293 976 citia
317 948 385 976 res
409 934 616 989 plurimas
643 934 852 987 continet,
878 948 1049 988 quoquo
1075 937 1118 975 te
1143 934 1335 988 verteris,
1360 937 1533 988 praesto
1632 979 1633 983 ,

191 996 269 1046 est,
290 993 410 1035 nullo
431 993 526 1035 loco
547 992 798 1043 excluditur,
823 1007 1057 1047 numquam
1076 993 1392 1048 intempestiva,
1416 1007 1535 1034 num·
1555 1003 1588 1030 1⁵
1634 995 1639 1044 ἶ

192 1068 321 1107 quam
348 1052 532 1093 molesta
558 1054 641 1105 est3
667 1052 813 1106 itaque
838 1066 925 1093 non
948 1066 1070 1105 aqua,
1094 1066 1183 1093 non
1207 1051 1309 1107 igni,
1335 1054 1383 1093 ut
1403 1052 1536 1105 aiunt,
1635 1060 1637 1070 ¹

190 1112 296 1153 locis
323 1111 520 1166 pluribus
547 1111 708 1152 utimur
734 1125 863 1164 quam
889 1110 1089 1152 amicitia.
1139 1109 1289 1176 Neque
1316 1124 1395 1166 ego
1424 1125 1536 1152 nunc

192 1171 242 1212 de
274 1170 446 1226 vulgari
478 1172 552 1211 aut
584 1169 634 1211 de
663 1169 877 1222 mediocri,
911 1184 1017 1223 quae
1043 1172 1189 1210 tamen
1213 1169 1309 1224 ipsa
1334 1172 1377 1210 et
1402 1169 1535 1210 delec-

190 1232 258 1271 tat
291 1231 334 1270 et
365 1228 553 1283 prodest,
586 1228 659 1269 sed
692 1228 742 1269 de
768 1243 869 1269 vera
901 1231 943 1269 et
974 1228 1165 1282 perfecta
1196 1229 1362 1282 loquor,
1394 1228 1534 1282 qualis
1631 1259 1635 1271 2

192 1303 352 1341 eorum,
385 1287 457 1341 qui
489 1287 613 1341 pauci
644 1287 934 1340 nominantur,
964 1287 1059 1328 fuit.
1107 1287 1222 1328 Nam
1255 1290 1297 1328 et
1329 1287 1534 1328 secundas
1555 1298 1588 1323 20
1628 1335 1631 1338 Α

191 1361 259 1389 res
299 1346 608 1401 splendidiores
646 1345 751 1387 facit
788 1345 978 1387 amicitia
1016 1348 1058 1386 et
1102 1345 1303 1387 adversas
1343 1346 1535 1400 partiens
1632 1346 1633 1351 ’

193 1405 597 1459 communicansque
628 1404 823 1446 leviores.

283 1464 506 1518 Quomque
538 1463 747 1518 plurimas
769 1466 811 1504 et
838 1463 1046 1504 maximas
1073 1463 1401 1505 commoditates
1434 1463 1536 1504 ami-

194 1523 296 1566 citia
333 1523 569 1576 contineat,
607 1525 700 1563 tum
737 1522 815 1563 illa
851 1521 1055 1563 nimirum
1092 1524 1287 1576 praestat
1325 1522 1536 1577 omnibus,

194 1582 308 1637 quod
338 1582 498 1624 bonam
530 1595 650 1636 spem
682 1581 903 1636 praelucet
933 1581 979 1622 in
1015 1583 1238 1636 posterum
1274 1595 1352 1623 nec
1389 1581 1536 1622 debili·
1554 1591 1588 1616 25

191 1641 279 1683 tari
311 1640 475 1682 animos
510 1642 585 1681 aut
616 1640 765 1681 cadere
796 1639 972 1694 patitur.
1014 1639 1175 1682 Verum
1208 1639 1320 1682 enim
1352 1640 1536 1682 amicum
1627 1637 1629 1644 '

194 1700 267 1755 qui
297 1699 501 1754 intuetur,
532 1701 755 1753 tamquam
787 1699 1006 1753 exemplar
1036 1699 1211 1753 aliquod
1241 1699 1433 1740 intuetur
1458 1699 1535 1740 sui.

194 1759 405 1807 Quocirca
442 1761 486 1799 et
523 1758 722 1799 absentes
762 1757 918 1798 adsunt
955 1760 998 1799 et
1035 1760 1209 1813 egentes
1242 1757 1462 1799 abundant
1494 1760 1537 1799 et

193 1817 385 1859 inbecilli
422 1817 569 1859 valent
606 1819 667 1871 et,
705 1816 818 1870 quod
856 1815 1071 1858 difficilius
1106 1817 1221 1858 dictu
1254 1819 1337 1870 est,
1376 1816 1536 1858 mortui

194 1877 363 1931 vivunt3
394 1878 542 1917 tantus
576 1889 648 1917 eos
679 1875 828 1929 honos,
861 1875 1080 1930 memoria,
1111 1875 1365 1916 desiderium
1394 1889 1537 1930 prose·
1556 1885 1590 1911 ³⁰

195 1936 342 1990 quitur
381 1934 626 1977 amicorum.
687 1933 753 1975 Ex
791 1949 874 1988 quo
909 1934 1084 1976 illorum
1115 1934 1245 1976 beata
1276 1948 1391 1975 mors
1422 1934 1536 1975 vide-

193 1997 278 2044 tur,
308 1994 464 2036 horum
489 1994 581 2035 vita
605 1993 848 2035 laudabilis,
899 1992 1059 2041 Quodsi
1085 1993 1290 2035 exemeris
1317 2007 1369 2033 ex
1394 2007 1536 2034 rerum

194 2055 352 2094 natura
388 2051 706 2094 benivolentiae
744 2052 1103 2106 coniunctionem,
1143 2066 1220 2093 nec
1258 2051 1408 2093 domus
1447 2052 1538 2093 ulla

194 2126 273 2153 nec
310 2111 413 2152 urbs
453 2114 568 2152 stare
605 2110 784 2166 poterit,
827 2125 880 2152 ne
925 2111 1018 2166 agri
1059 2110 1229 2165 quidem
1268 2111 1409 2152 cultus
1446 2124 1538 2165 per-

196 2170 399 2211 manebit.
460 2169 510 2210 Id
543 2170 578 2210 si
610 2170 750 2211 minus
782 2169 1069 2225 intellegitur,
1107 2172 1268 2224 quanta
1298 2169 1363 2211 vis
1397 2168 1538 2211 amici·
1557 2179 1588 2205 ³⁶
1620 2177 1663 2213 μδ]

195 2229 282 2271 tiae
308 2229 641 2283 concordiaeque
669 2229 738 2283 sit,
769 2243 820 2270 ex
851 2228 1188 2270 dissensionibus
1215 2231 1344 2282 atque
1377 2242 1426 2269 ex
1459 2228 1539 2269 dis-

196 2288 351 2330 cordiis
377 2287 562 2343 perspici
588 2289 745 2342 potest.
789 2286 905 2335 Quae
932 2287 1044 2328 enim
1071 2287 1221 2329 domus
1244 2290 1335 2328 tam
1357 2286 1538 2340 stabilis,

1644 442 1646 466 l
