1663 2490
647 57 675 102 1,
700 56 745 93 ΙΙ.
783 61 802 101 ς
829 61 975 93 10—16.
1404 58 1489 99 201

147 181 242 208 rum
274 165 468 220 alicuius,
499 165 573 220 qui
605 166 857 208 marmoreis
889 165 1015 207 tectis
1048 165 1176 206 ebore
1208 167 1251 205 et
1283 179 1386 206 auro
1411 164 1491 206 ful-

148 223 369 281 gentibus,
401 223 474 290 qui
506 223 661 279 signis,
693 224 765 279 qui
797 223 977 278 tabulis,
1010 223 1082 278 qui
1114 223 1280 265 caelato
1313 237 1416 264 auro
1450 226 1492 264 et

147 285 340 340 argento,
373 282 446 348 qui
479 280 716 324 Corinthiis
749 283 949 338 operibus
982 282 1220 335 abundant,
1253 296 1307 323 an
1339 280 1384 323 O.
1415 280 1448 322 F
1452 296 1492 322 a

147 341 272 396 brici,
318 341 391 396 qui
427 340 536 382 nihil
575 342 729 383 habuit
774 356 938 396 eorum,
990 340 1099 382 nihil
1142 340 1302 382 habere
1342 340 1493 394 voluit,
1522 347 1526 352 '

112 412 128 438 5
149 400 312 442 similes
343 399 510 442 malint.
566 400 712 455 Atque
743 400 848 442 haec
881 400 1063 455 quidem,
1100 413 1208 453 quae
1239 399 1366 440 modo
1398 399 1492 453 huc,

148 458 274 501 modo
312 458 417 501 illuc
453 458 792 513 transferuntur,
831 458 958 501 facile
996 458 1147 500 adduci
1186 458 1326 500 solent
1362 460 1412 499 ut
1449 457 1492 499 in

147 517 272 560 bonis
303 517 432 559 rebus
464 531 557 559 esse
580 520 753 573 negent,
785 517 892 559 illud
920 520 1011 559 arte
1038 519 1187 559 tenent
1212 519 1493 570 accurateque

148 575 397 627 defendunt,
446 576 717 632 voluptatem
762 591 854 618 esse
899 591 1113 618 summum
1156 576 1335 630 bonum3
1385 589 1494 629 quae

149 635 320 690 quidem
346 634 453 676 mihi
477 649 561 677 vox
586 635 796 690 pecudum
822 635 990 677 videtur
1016 649 1120 688 esse,
1146 649 1233 676 non
1258 634 1494 676 hominum.

96 707 128 731 10
148 693 225 748 Tu,
250 708 346 736 cum
372 693 454 735 tibi
480 693 570 736 sive
597 694 699 736 deus
720 694 810 736 sive
836 697 987 749 mater,
1012 696 1062 735 ut
1085 693 1148 735 ita
1175 693 1326 747 dicam,
1351 707 1495 735 rerum

149 752 340 795 omnium
371 754 530 794 natura
562 752 726 794 dederit
758 753 968 807 animum,
1010 767 1093 808 quo
1130 752 1239 794 nihil
1278 754 1345 794 est
1375 766 1495 807 prae*

150 812 336 854 stantius
368 826 504 866 neque
537 811 735 866 divinius,
766 812 826 854 sic
858 815 901 853 te
932 812 1024 867 ipse
1057 811 1214 853 abicies
1246 814 1374 866 atque
1400 825 1496 866 pro—

150 874 328 925 sternes,
359 873 408 912 ut
438 871 547 912 nihil
579 871 692 912 inter
723 873 766 912 te
796 873 925 925 atque
951 871 1063 912 inter
1090 870 1395 925 quadripedem
1421 870 1497 911 ali-

151 944 280 984 quam
315 932 442 984 putes
478 929 717 971 interesse?
779 928 1017 984 Quicquam
1054 930 1215 971 bonum
1254 931 1341 983 est,
1383 928 1497 994 quod

98 1000 130 1025 1⁵
152 1003 238 1030 non
270 1003 384 1042 eum,
417 988 489 1043 qui
520 988 564 1029 id
595 987 806 1043 possidet,
838 988 1059 1029 meliorem
1091 987 1227 1029 facit?
1289 986 1351 1029 Ut
1383 987 1497 1029 enim

150 1050 216 1089 est
260 1047 439 1102 quisque
483 1047 668 1088 maxime
710 1046 813 1088 boni
856 1047 1093 1101 particeps,
1130 1046 1193 1088 ita
1241 1049 1308 1088 est
1352 1046 1496 1088 lauda-

148 1105 250 1148 bilis
288 1105 492 1172 maxime;
530 1120 668 1159 neque
706 1108 772 1147 est
810 1106 946 1147 ullum
984 1106 1162 1159 bonum,
1201 1104 1251 1146 de
1290 1119 1374 1159 quo
1411 1119 1497 1146 non

149 1164 199 1219 is,
232 1164 305 1218 qui
329 1164 373 1205 id
397 1164 570 1218 habeat,
601 1165 782 1206 honeste
807 1164 949 1219 possit
975 1164 1167 1220 gloriari.
1188 1199 1193 1213 s
1215 1162 1326 1212 Quid
1352 1166 1498 1205 autem

151 1226 218 1265 est
241 1224 397 1265 horum
422 1223 467 1264 in
490 1223 747 1278 voluptate?
779 1223 1055 1264 melioremne
1083 1222 1215 1264 efficit
1247 1225 1322 1264 aut
1353 1222 1497 1264 lauda-

98 1296 131 1321 20
151 1282 350 1324 biliorem
381 1282 550 1324 virum?
589 1297 644 1324 an
683 1282 910 1337 quisquam
942 1282 988 1323 in
1017 1281 1233 1337 potiendis
1264 1281 1498 1337 voluptati·

151 1342 232 1383 bus
270 1340 496 1397 gloriando
535 1355 579 1382 se
616 1343 660 1383 et
699 1341 1018 1396 praedicatione
1063 1340 1224 1383 ecfert?
1286 1340 1424 1395 Atqu1
1462 1340 1499 1382 si

151 1401 372 1456 voluptaS,
410 1414 518 1455 quae
555 1400 841 1455 plurimorum
872 1400 1124 1455 patrociniis
1157 1399 1418 1454 defenditur,
1454 1399 1499 1441 in

152 1459 280 1501 rebus
311 1459 436 1501 bonis
467 1459 666 1501 habenda
694 1473 782 1501 non
808 1462 891 1512 est,
921 1473 1054 1521 eaque
1082 1473 1165 1514 quo
1187 1461 1254 1500 est
1268 1459 1422 1513 maior,
1449 1472 1498 1500 eo

153 1518 294 1574 magis
326 1520 513 1560 mentem
545 1533 596 1560 ex
624 1532 702 1560 sua
728 1517 825 1559 sede
852 1520 895 1559 et
921 1516 1038 1560 statu
1064 1517 1274 1584 demovet,
1304 1516 1499 1573 profecto

101 1589 134 1615 25
152 1577 262 1619 nihil
300 1579 367 1618 est
404 1576 521 1619 aliud
558 1577 666 1619 bene
704 1579 747 1618 et
783 1577 909 1618 beate
948 1577 1091 1619 vivere
1128 1577 1213 1618 nisi
1243 1576 1425 1618 honeste
1457 1579 1500 1618 et

153 1639 268 1678 recte
299 1633 469 1678 vivere

578 1765 987 1808 PARADOXON
1019 1765 1074 1807 II.

262 1834 355 1879 Ὅτι
386 1832 607 1892 αὐτάρκης
638 1832 666 1890 ἡ
699 1832 832 1891 ἀρετὴ
865 1833 976 1891 πρὸς
1008 1833 1311 1890 εὐδαιμονίαν.

242 1930 333 1974 Nec
370 1946 471 1973 vero
504 1945 584 1987 ego
616 1930 671 1972 M.
703 1931 919 1987 Regulum
958 1944 1260 1972 aerumnosum
1290 1943 1368 1972 nec
1398 1929 1502 1972 infe-

103 2001 137 2027 30
155 1991 281 2033 licem
305 2005 383 2033 nec
408 1990 612 2032 miserum
638 2004 843 2044 umquam
867 1989 1030 2045 putavi.
1073 1988 1173 2031 Non
1199 1989 1312 2031 enim
1338 1989 1502 2044 magni-

155 2049 259 2092 tudo
297 2049 430 2091 animi
467 2049 738 2092 cruciabatur
777 2049 866 2090 eius
905 2063 930 2090 a
960 2048 1135 2103 Poenis,
1170 2062 1259 2090 non
1296 2047 1503 2104 gravitaS,

154 2123 241 2150 non
271 2109 396 2163 fides,
426 2122 515 2151 non
546 2108 809 2163 constantia,
838 2122 925 2149 non
957 2107 1048 2149 ulla
1079 2107 1239 2161 virtus,
1269 2121 1358 2148 non
1390 2106 1503 2148 deni-

157 2182 237 2222 que
270 2167 437 2209 animus
468 2167 573 2222 ipse,
605 2167 678 2222 qui
708 2169 777 2209 tot
806 2166 1017 2209 virtutum
1048 2141 1262 2222 praesidio
1293 2168 1502 2232 tantoque

157 2227 384 2277 comitatu,
420 2241 517 2269 cum
549 2241 703 2282 corpus
736 2226 827 2268 eius
859 2228 1105 2281 caperetur,
1136 2225 1232 2292 capi
1264 2227 1378 2266 certe
1409 2225 1502 2279 ipse

103 2296 137 2322 ³⁵
154 2299 241 2328 non
265 2260 420 2341 potuit.
471 2283 515 2328 O.
540 2299 642 2328 vero
668 2285 854 2327 Marium
881 2285 1080 2339 vidimus,
1114 2285 1187 2339 qui
1219 2283 1326 2326 mihi
1359 2298 1502 2326 secun-

1523 410 1561 440 1⁴

1524 997 1566 1030 15

1530 1941 1572 1974 16
