1621 2516
1393 169 1395 171 .
1413 151 1444 188 ,χχ

489 608 856 657 ADNOTATIO
894 609 1154 658 CRITICA.

247 781 440 817 Librorum
472 781 522 816 de
556 780 750 824 officiis,
783 793 873 826 quos
906 782 1054 826 quidem
1080 782 1248 827 cognitos
1273 782 1486 828 habeamus,

153 829 265 865 hodie
296 828 372 864 fere
410 828 583 863 convenit
619 828 716 863 inter
746 829 875 863 doctos
907 829 1068 874 optimos
1100 840 1179 863 esse
1211 829 1417 865 Bernens.
1449 831 1486 876 b,

154 877 352 912 Ambros.
377 875 421 919 A,
446 875 676 920 Bamberg.
703 875 744 918 Β,
769 875 1043 920 Wirceburg.
1070 876 1121 918 H,
1147 876 1211 910 sed
1236 876 1291 910 ita
1315 877 1486 922 optimos,

154 925 196 958 ut
218 934 293 957 non
312 933 431 967 pauca
449 922 487 955 in
506 921 552 956 iis
572 922 665 956 adeo
686 922 889 967 depravata
907 922 992 966 sint,
1018 924 1060 956 ut
1077 923 1262 957 medicina
1280 924 1488 967 quaerenda

154 970 204 1004 sit
228 970 274 1003 ab
300 969 384 1003 31113
411 968 599 1002 codicibus
624 969 858 1003 librariorum
887 969 1098 1004 temeritate
1128 969 1267 1014 passim
1292 981 1422 1016 corrup
1424 971 1487 1017 tis,

153 1027 225 1061 quo
258 1027 302 1051 ex
332 1026 484 1050 numero
515 1015 597 1050 noti
627 1015 735 1049 nobis
767 1018 852 1050 sunt
882 1017 1003 1050 Bern.
1038 1027 1056 1050 0
1093 1018 1132 1051 et
1159 1016 1291 1051 Palat
1320 1029 1363 1062 p;
1400 1000 1487 1053 nani

152 1065 257 1098 Bern.
284 1074 306 1097 a
330 1074 376 1097 ne
401 1061 589 1097 mentione
615 1062 765 1106 quidem
790 1062 924 1107 dignus
943 1062 1099 1098 videtur.
1148 1063 1362 1108 Propterea,
1388 1065 1487 1109 quod

152 1111 192 1145 in
218 1110 323 1145 codd.
351 1121 395 1155 cp
421 1121 494 1144 non
519 1120 638 1154 pauca
663 1109 723 1143 vel
742 1109 863 1144 verius
884 1110 944 1144 vel
966 1110 1045 1145 veri
1070 1110 1226 1144 simffius
1246 1111 1384 1156 scripta
1402 1113 1487 1146 sunt

153 1169 262 1202 quam
288 1157 327 1191 in
353 1156 502 1198 ceteris,
535 1155 620 1191 illos
645 1156 763 1201 pluris
788 1156 908 1191 facere
934 1168 1043 1201 quam
1067 1157 1134 1191 hos
1160 1157 1290 1191 similis
1315 1158 1485 1193 inscitiae

154 1206 220 1246 est,
247 1215 290 1239 30
316 1204 347 1238 31
373 1203 454 1249 quis
476 1203 573 1246 inde,
600 1203 698 1247 quod
722 1215 819 1237 nunc
838 1203 940 1238 Laeli
961 1204 1066 1239 codd.
1087 1203 1151 1238 DE
1172 1216 1312 1239 summa
1330 1205 1485 1240 libidine

152 1251 371 1296 interpolati
403 1250 653 1296 compluribus
684 1251 777 1285 locis
816 1251 1012 1286 similiores
1049 1251 1193 1285 inventi
1229 1253 1315 1286 sunt
1345 1252 1485 1297 optimo

152 1299 319 1333 Parisino
344 1310 462 1343 nuper
486 1299 634 1342 reperto
660 1308 770 1341 quam
795 1297 859 1332 alii
884 1309 958 1333 non
977 1299 1055 1332 tam
1073 1299 1249 1333 audacter
1267 1310 1290 1333 a
1308 1300 1486 1334 correcto-

152 1346 253 1381 ribus
285 1344 499 1389 deformati,
535 1344 690 1389 colligat
719 1344 903 1379 immerito
935 1345 1011 1380 illis
1042 1345 1163 1380 adhuc
1194 1346 1379 1390 praelatos
1405 1358 1485 1381 esse

154 1393 372 1435 Gudianum,
398 1393 651 1434 Monaeenses,
678 1393 777 1436 cett,
802 1403 1047 1444 magnamque
1065 1392 1112 1426 iis
1130 1393 1240 1427 fidem
1260 1405 1374 1437 usque
1400 1404 1486 1438 qua—

154 1451 223 1484 que
250 1451 329 1475 esse
355 1439 573 1474 habendam.
624 1420 724 1473 Infra
753 1439 942 1484 posuimus
968 1439 1256 1485 discrepantiam
1280 1440 1486 1475 editionum

153 1487 310 1529 Baiteri,
337 1486 546 1521 Turicensis
573 1487 611 1521 et
634 1485 855 1531 Lipsiensis,
881 1487 920 1521 et
943 1486 1054 1521 Heini
1079 1487 1228 1531 quintae
1254 1498 1286 1522 a.
1314 1491 1413 1523 1878.

246 1534 285 1568 Ρ.
306 1539 338 1569 2.
360 1538 403 1569 27
430 1544 641 1580 magnopere
667 1533 783 1575 codd,
808 1533 927 1577 Hein„
953 1545 1083 1580 mayno
1106 1546 1208 1579 opere
1233 1536 1270 1569 et
1289 1534 1369 1569 sim.
1390 1534 1484 1569 Bait.

155 1582 381 1623 constantem
408 1592 474 1615 nos
503 1580 649 1615 codices
675 1581 876 1624 sequimur3
903 1593 936 1615 v.
964 1581 1011 1615 ad
1029 1594 1064 1626 p.
1088 1585 1164 1616 144.
1186 1586 1242 1626 35,
1267 1581 1311 1617 N.
1332 1581 1374 1616 D.
1396 1594 1431 1626 p.
1453 1587 1484 1616 5.

153 1633 208 1664 37.
239 1649 286 1654 —
317 1628 356 1661 P.
389 1632 419 1663 4.
455 1632 498 1662 10
530 1629 656 1663 dicant
687 1627 804 1671 codd,
842 1627 938 1663 Bait.
970 1629 1015 1672 ΙΙ,
1045 1628 1165 1672 Ηο111.,
1201 1630 1338 1664 ducant
1367 1628 1485 1663 Bakio

153 1676 303 1710 auctore
327 1674 422 1709 Bait.
448 1675 482 1718 Ι;
518 1674 561 1709 cf.
589 1687 626 1719 p.
651 1678 706 1709 44.
735 1679 767 1717 8,
795 1678 872 1709 194.
900 1680 955 1710 36.
982 1696 1024 1700 -
1050 1675 1091 1711 P.
1118 1679 1149 1711 4.
1175 1679 1219 1711 23
1246 1688 1270 1711 a
1295 1687 1364 1710 om.
1390 1676 1484 1712 Bait.

153 1724 191 1757 et
220 1722 326 1757 Hein.
360 1743 404 1747 —
436 1721 474 1757 P.
507 1725 539 1756 4.
572 1726 616 1756 25
648 1723 1002 1766 disputetur.omrcis
1032 1721 1127 1756 Bait.
1160 1723 1204 1757 II.
1237 1743 1280 1748 —
1310 1722 1350 1758 P.
1383 1727 1414 1759 4.
1441 1728 1483 1757 31

155 1769 254 1814 Quae
273 1773 390 1804 autem
408 1768 578 1803 Muthero
599 1770 748 1803 auctore
767 1768 874 1805 Hein.
894 1769 1029 1803 rectius
1048 1769 1204 1804 fortasse
1225 1779 1334 1813 quam
1352 1769 1484 1804 verius.

152 1837 195 1841 —
221 1816 260 1852 P.
281 1820 312 1852 4.
334 1821 459 1851 36-5.
487 1821 507 1851 6
531 1816 671 1862 [Atque
695 1817 802 1851 etiam
827 1837 870 1841 -
895 1817 999 1852 reddi
1017 1817 1155 1862 possit]
1179 1817 1224 1851 de
1243 1816 1383 1861 Ungeri
1408 1828 1486 1851 sen-

151 1863 271 1898 tentia
295 1862 354 1907 (cf.
380 1863 481 1897 idem
511 1862 551 1897 in
574 1862 708 1897 Philol.
742 1863 860 1908 suppl.
888 1863 940 1898 III
963 1875 998 1907 p.
1028 1865 1178 1907 14—18)
1203 1863 1299 1898 Bait.
1326 1864 1353 1907 I,
1378 1863 1484 1898 Hein.

153 1931 195 1936 -
227 1911 266 1945 P.
294 1915 325 1945 5.
357 1915 399 1945 19
431 1911 488 1945 In
517 1911 584 1945 hac
614 1911 789 1945 divisione
813 1910 921 1952 Bait,
953 1910 1060 1946 Hein.
1088 1932 1130 1936 —
1156 1910 1194 1945 P.
1227 1916 1259 1946 5.
1293 1915 1336 1946 33
1369 1916 1487 1947 autem

152 1957 270 1999 codd,
304 1959 388 1992 item
411 1956 564 2000 Manut,
589 1956 697 1999 Bait,
722 1957 840 1999 Hein,
868 1968 958 2001 quos
982 1957 1101 2002 magis
1128 1957 1355 1992 dubitassem
1381 1958 1486 2002 sequi

152 2003 212 2049 (cf.
232 2016 268 2049 p.
290 2008 344 2039 51.
366 2008 408 2039 19
425 2016 502 2048 sqq.
529 2005 781 2049 improbantur
804 2006 834 2039 ia·
859 2009 1024 2049 quaestus
1044 2025 1097 2039 —.
1135 2005 1349 2040 Inliberales
1369 2010 1488 2041 autem

151 2055 183 2086 et
200 2052 340 2086 sordidi
358 2056 535 2096 quaestus,
554 2064 590 2096 p.
612 2055 666 2086 31.
685 2055 738 2095 15,
752 2055 808 2087 48.
833 2056 885 2094 11,
907 2056 1031 2094 79.12,
1055 2056 1130 2087 107.
1150 2054 1219 2096 19),
1238 2052 1310 2086 nisi
1330 2064 1365 2097 p.
1386 2057 1442 2087 94.
1465 2057 1485 2087 2

153 2109 298 2142 quoque
324 2098 429 2133 codd.
455 2098 636 2133 haberent
661 2103 779 2133 autem
802 2109 869 2143 pro
896 2100 978 2133 item
1003 2099 1067 2133 aut
1090 2100 1199 2141 idem,
1235 2098 1279 2133 cf.
1306 2112 1342 2144 p.
1370 2104 1400 2134 7.
1428 2104 1486 2135 35.

151 2166 195 2170 —
220 2145 258 2179 P.
280 2149 311 2181 5.
339 2149 382 2180 35
408 2146 483 2181 sint
508 2145 626 2189 codd,
651 2151 736 2181 sunt
761 2145 861 2190 vulg.
887 2146 1056 2191 probab.;
1084 2145 1127 2181 cf.
1154 2158 1190 2191 p.
1218 2151 1294 2181 111.
1323 2151 1378 2188 33,
1407 2150 1486 2181 128.

151 2196 206 2234 35,
232 2196 310 2227 210.
337 2196 393 2235 33,
418 2192 467 2226 ad
491 2192 686 2228 Acad.(38.
715 2196 769 2227 14.
795 2214 840 2218 ——
866 2192 903 2226 P.
929 2198 959 2229 6.
981 2197 1025 2228 10
1041 2204 1118 2237 sqq.
1143 2193 1417 2239 [inqeneratque
1444 2214 1483 2219 ——

147 2239 329 2284 procreati
353 2240 458 2285 sunt]
482 2239 651 2281 Faceiol„
684 2239 778 2274 Bait.
806 2240 850 2274 ΙΙ.
878 2261 921 2265 -
946 2239 985 2274 Ρ.
1013 2245 1043 2275 6.
1071 2245 1114 2275 27
1139 2240 1418 2286 [praecipienti]
1441 2239 1486 2274 H.

152 2285 286 2331 Saupp.
318 2285 391 2322 ind.
424 2267 705 2331 lect.G0ttii1g.
737 2286 811 2321 hib.
842 2290 929 2322 1857
961 2299 996 2332 p.
1025 2291 1078 2329 10,
1105 2286 1213 2330 Bait,
1245 2287 1351 2322 Hein.
1379 2308 1422 2313 -—
1449 2287 1486 2323 P.

1229 2345 1277 2380 a*
