1663 2490
489 102 588 138 CAP.
619 106 764 138 11—13.
815 105 835 144 ς
862 106 1010 137 37—44.
1339 102 1419 143 177

81 225 262 266 poenam
283 209 376 250 Tib.
397 207 579 250 Gracchi
606 210 904 262 sustinuimus3
930 208 980 250 de
1001 206 1046 250 C.
1068 207 1250 250 Gracchi
1277 212 1422 251 autem

42 271 43 274 ’
81 270 303 311 tribunatu
337 267 437 321 quid
470 270 700 322 expectem,
735 283 820 310 non
852 267 972 309 lubet
1004 268 1218 322 augurari.
1280 266 1423 322 Serpit

80 328 111 381 †
142 326 290 369 deinde
323 340 402 379 res,
435 340 542 380 quae
575 327 776 380 proclivis
810 327 862 368 ad
895 326 1135 381 perniciem,
1168 341 1261 367 cum
1289 327 1422 367 semel

82 386 239 441 coepit,
277 385 449 426 labitur.
511 383 697 438 Videtis,
736 386 778 426 in
818 386 979 427 tabella
1011 384 1094 426 iam
1130 389 1227 425 ante
1261 389 1422 438 quanta

47 445 139 486 5sit
176 444 291 486 facta
330 444 468 494 labes,
509 444 648 498 primo
689 443 873 485 Gabinia
912 445 1023 499 lege,
1067 443 1240 484 biennio
1278 448 1422 485 autem

80 506 180 559 post
217 501 378 544 Cassia.
441 501 595 543 Videre
636 503 722 543 iam
759 503 907 544 videor
951 503 1157 557 populum
1202 517 1227 543 a
1270 506 1422 544 senatu

81 562 357 615 disiunctum,
408 560 697 602 multitudinis
748 562 928 603 arbitrio
974 576 1040 603 res
1086 561 1294 602 maximas
1339 562 1422 616 agi.

80 619 230 662 Plures
276 620 389 661 enim
434 620 619 674 discent,
674 634 799 674 quem
844 620 896 661 ad
940 620 1113 662 modum
1157 620 1260 662 haee
1306 620 1423 674 fiant,

83 694 210 733 quam
239 693 363 733 quem
391 679 443 720 ad
471 679 642 720 modum
669 679 720 719 iis
754 679 991 720 resistatur.
1043 677 1255 727 Quorsum
1289 678 1422 720 haec?

31 750 62 774 10
82 737 191 786 Quia
223 738 313 779 sine
347 738 472 779 sociis
505 752 629 779 nemo
663 737 890 792 quicquam
923 739 1010 779 tale
1049 740 1238 779 conatur.
1300 737 1423 778 Prae·

83 796 324 851 cipiendum
358 799 423 838 est
454 796 588 851 igitur
620 796 756 850 bonis,
790 800 848 849 ut,
881 796 917 838 si
948 797 993 837 in
1025 796 1114 837 eius
1142 797 1256 838 modi
1283 796 1424 838 amici—

83 856 165 897 tias
204 855 346 911 ignari
383 869 482 897 casu
521 855 665 920 aliquo
691 855 947 921 inciderint,
987 869 1039 896 ne
1078 855 1325 897 existiment
1363 855 1425 896 ita

82 929 127 955 se
161 914 378 969 alligatos,
409 916 457 954 ut
489 914 542 954 ab
576 913 724 955 amicis
757 914 799 954 in
827 929 984 967 magna
1010 913 1155 968 aliqua
1181 928 1225 955 re
1251 914 1424 969 publica

82 973 359 1028 peccantibus
392 986 476 1013 non
503 972 740 1026 discedant3
772 951 965 1038 inprobis
999 975 1142 1013 autem
1174 987 1311 1027 poena
1341 977 1424 1014 sta-

30 1043 61 1067 ¹5
82 1031 240 1073 tuenda
271 1034 348 1084 est,
380 1045 456 1073 nec
487 1045 587 1072 vero
621 1031 761 1072 11111101
792 1032 856 1086 113,
892 1031 964 1086 qui
997 1031 1130 1072 secuti
1163 1035 1288 1073 erunt
1320 1032 1424 1072 alte-

83 1105 188 1143 rum,
221 1104 348 1144 quam
375 1090 440 1143 iis,
473 1090 544 1144 qui
570 1090 653 1144 ipsi
681 1090 838 1131 fuerint
864 1089 1100 1145 impietatis
1131 1089 1269 1131 duces.
1319 1089 1423 1138 Quis

82 1149 238 1191 clarior
275 1149 319 1190 in
358 1147 537 1190 Graecia
575 1149 882 1203 Themistocle,
926 1148 1020 1202 quis
1060 1149 1307 1203 potentior?
1351 1149 1423 1202 qui

81 1223 177 1250 cum
209 1207 444 1262 imperator
476 1208 591 1250 bello
624 1207 794 1249 Persico
829 1207 1034 1249 servitute
1066 1207 1289 1249 Graeciam
1322 1207 1424 1249 libe-

82 1267 265 1308 ravisset
284 1269 544 1321 propterque
566 1267 770 1308 invidiam
798 1266 842 1307 in
868 1267 1042 1308 exilium
1069 1267 1270 1321 expulsus
1299 1269 1426 1320 esset,

29 1337 62 1362 20
82 1326 279 1381 ingratae
304 1325 471 1380 patriae
498 1325 698 1367 iniuriam
724 1340 807 1367 non
835 1325 949 1379 tulit,
976 1340 1103 1379 quam
1131 1325 1241 1366 ferre
1265 1325 1424 1379 debuit,

81 1384 182 1426 fecit
207 1384 331 1436 idem,
359 1384 470 1438 quod
496 1399 550 1425 xx
577 1385 698 1426 annis
726 1387 824 1426 ante
851 1384 963 1439 apud
989 1398 1067 1426 nos
1094 1383 1254 1426 fecerat
1280 1383 1424 1426 Corio-

83 1444 218 1484 lanus.
268 1442 347 1484 His
375 1443 545 1485 adiutor
571 1447 721 1486 contra
746 1443 932 1498 patriam
958 1443 1157 1484 inventus
1184 1446 1249 1484 est
1281 1457 1424 1496 110111ος

81 1502 226 1556 itaque
272 1504 456 1544 mortem
500 1502 581 1543 sibi
624 1505 802 1557 uterque
847 1502 1065 1544 conscivit.
1133 1501 1272 1550 Quare
1322 1502 1424 1543 talis

81 1560 361 1615 inproborum
387 1562 609 1603 consensio
635 1576 720 1603 non
747 1560 872 1602 modo
905 1561 1177 1602 excusatione
1211 1560 1424 1602 amicitiae

29 1631 62 1657 25
82 1619 267 1675 tegenda
298 1634 384 1661 non
411 1623 488 1674 est,
520 1620 592 1662 sed
619 1620 762 1675 potius
790 1619 1000 1674 supplicio
1029 1620 1145 1661 omni
1171 1619 1425 1661 vindicanda

82 1681 165 1732 est,
202 1681 250 1720 ut
286 1692 339 1719 ne
379 1679 472 1733 quis
511 1693 758 1721 concessum
790 1681 913 1733 putet
946 1679 1129 1720 amicum
1160 1679 1229 1720 vel
1261 1679 1425 1720 bellum

81 1737 247 1792 patriae
289 1736 544 1779 inferentem
589 1738 727 1792 sequi;
770 1738 882 1792 quod
929 1737 1116 1792 quidem,
1160 1740 1209 1779 ut
1252 1752 1319 1779 res
1363 1737 1425 1779 ire

81 1797 239 1851 coepit,
283 1796 396 1838 haud
441 1797 527 1838 scio
572 1811 626 1838 an
671 1796 900 1850 aliquando
944 1797 1137 1838 futurum
1182 1796 1249 1838 sit.
1316 1796 1425 1838 Mihi

82 1857 225 1897 autem
256 1869 344 1897 non
374 1855 532 1897 minori
563 1870 687 1897 curae
720 1858 803 1909 est,
841 1855 980 1909 qualis
1019 1870 1086 1897 res
1118 1855 1292 1910 publica
1323 1857 1424 1910 post

81 1917 265 1955 mortem
298 1928 438 1955 meam
470 1914 633 1967 futura,
667 1929 794 1968 quam
828 1914 968 1968 qualis
1000 1914 1126 1956 hodie
1160 1914 1227 1955 sit

1448 689 1493 720 42

1449 1512 1494 1543 43

169 1972 286 2015 Haec
317 1973 452 2029 igitur
482 1974 623 2029 prima
654 1974 722 2015 lex
755 1974 969 2015 amicitiae
1008 1974 1242 2026 sanciatur,
1282 1976 1330 2014 ut
1368 1973 1421 2014 ab
1441 1959 1494 2000 13

83 2031 228 2074 31111013
261 2031 444 2074 honesta
475 2035 689 2087 petamus,
722 2033 957 2074 amicorum
990 2047 1118 2074 causa
1148 2032 1332 2074 honesta
1363 2010 1469 2074 fei-4

82 2090 255 2141 ciamus,
280 2105 332 2132 ne
352 2094 644 2146 exspectemus
667 2091 848 2145 quidem,
870 2091 968 2132 dum
989 2106 1207 2147 rogemur,
1234 2091 1423 2132 studium

82 2163 249 2203 semper
292 2149 420 2200 adsit,
466 2150 681 2192 cunetatio
727 2151 862 2204 absit3
907 2151 1132 2192 consilium
1178 2164 1277 2191 vero
1323 2149 1424 2191 dare

81 2208 312 2250 audeamus
356 2209 501 2250 libere.
574 2209 813 2250 Plurimum
858 2209 903 2250 in
950 2210 1138 2251 amicitia
1189 2209 1422 2250 amicorum

81 2267 188 2308 bene
221 2266 490 2310 suadentium
521 2269 666 2310 valeat
697 2269 952 2320 auctoritas,
985 2283 1117 2322 eaque
1150 2270 1192 2309 et
1225 2268 1422 2309 adhibea-

80 2328 151 2367 tur
177 2325 229 2367 ad
256 2327 512 2368 monendum
541 2342 627 2368 non
654 2327 780 2369 modo
808 2330 967 2382 aperte,
999 2327 1073 2369 sed
1100 2327 1228 2368 etiam
1257 2327 1425 2379 acriter,

151 2400 221 2427 010.
243 2401 294 2426 1v.
315 2402 338 2426 ³.
1167 2400 1208 2429 12
