1673 2505
226 54 313 96 :276
745 53 1044 89 FRAGMENTA

228 163 311 216 est,
349 163 537 216 inquam,
576 161 699 216 quasi
731 161 845 202 dicas
877 161 922 201 in
953 164 1103 215 operto
1133 161 1278 203 fuisse.
1341 161 1468 217 Quid,
1504 164 1569 204 in-

227 221 325 274 quit,
354 220 521 262 homini
552 220 754 274 Arpinati
787 234 882 260 eum
922 219 1043 273 aquis
1076 220 1255 262 calidis?
1316 219 1476 275 Narra,
1507 222 1568 263 in-

226 293 366 333 quam,
404 282 587 334 patrono
626 281 718 331 buo,
763 278 836 332 qui
873 277 1097 332 Arpinatis
1136 293 1270 333 aquas
1308 279 1568 334 concupivit3

227 338 345 380 nosti
383 338 495 379 enim
533 337 734 378 marinas.
797 335 1043 391 Quousque,
1086 339 1236 390 inquit,
1274 337 1386 379 hune
1423 351 1570 393 regem

226 397 442 438 feremus?
493 396 656 451 Regem
684 395 889 449 appellas,
920 396 1100 448 inquam,
1133 410 1228 437 cum
1248 396 1339 437 Rex
1364 397 1428 437 tui
1454 411 1566 438 men·
1607 411 1623 435 5

188 458 191 462 '
227 456 391 497 tionem
427 455 593 495 nullam
629 453 807 495 fecerit?
852 454 940 505 (ille
981 458 1115 496 autem
1152 454 1276 508 Reyis
1314 455 1570 497 hereditatem

226 527 294 567 spe
319 513 564 566 devorarat).
613 512 813 562 Domum,
839 513 982 565 inquit,
1009 513 1164 554 emisti.
1213 513 1356 568 Putes
1388 515 1569 567 inquam,

229 573 387 614 dicere:
418 571 584 613 Iudices
618 571 771 612 emisti.
827 570 1004 624 Iuranti,
1035 573 1179 624 inquit,
1211 572 1293 613 tibi
1322 587 1409 613 non
1441 573 1570 614 eredi-

229 632 390 672 derunt.
449 630 557 671 Mihi
589 645 702 683 vero,
733 631 915 682 inquam,
946 629 1067 671 XXV
1098 630 1256 671 iudices
1289 631 1569 683 crediderunt,

227 688 389 743 XXXI,
428 689 631 743 quoniam
667 703 866 729 nummos
905 691 1004 729 ante
1038 692 1308 743 aeceperunt,
1348 689 1430 730 tibi
1459 690 1568 730 nihil
1591 703 1623 728 10

228 748 509 790 crediderunt.
582 747 754 801 Maynis
796 747 1038 789 clamoribus
1080 748 1261 801 afflictus
1303 749 1494 790 conticuit
1533 752 1572 790 et

227 808 408 849 concidit.

228 998 332 1036 XIV.
382 995 782 1035 INTERROGATIO
821 997 890 1034 DE
930 997 1071 1035 AERE
1104 996 1304 1035 ALIENO
1337 997 1568 1036 MILONIS.

328 1087 436 1122 ARG
447 1085 733 1121 UMENTUM
757 1085 1135 1121 SOHOLIASTAE
1157 1085 1467 1121 BOBIENSIS.

317 1159 374 1200 In
410 1160 579 1200 eundem
615 1172 772 1199 annum
809 1159 1061 1200 consulatum
1084 1160 1292 1211 petierunt
1324 1158 1370 1199 T.
1400 1158 1569 1200 Annius
1590 1172 1622 1197 15

228 1219 336 1260 Milo
361 1222 398 1259 et
424 1217 468 1269 Q.
495 1217 684 1258 Dffetellus
709 1216 845 1270 Scipio
870 1221 908 1258 et
931 1217 1169 1271 Hypsaeus,·
1201 1231 1278 1269 quo
1310 1230 1419 1258 anno
1446 1218 1568 1258 etiam

229 1278 277 1319 P.
311 1276 478 1318 Clodius
509 1276 700 1328 Pulcher,
737 1276 929 1317 inimicus
959 1277 1061 1325 eius,
1100 1277 1146 1316 in
1175 1279 1396 1328 praeturae
1432 1277 1569 1317 eandi-

228 1337 324 1377 ‹lam
361 1338 532 1376 venerat.
594 1335 709 1375 Idem
748 1348 838 1375 cum
862 1335 1051 1388 petitioni
1081 1335 1257 1376 Milonis
1287 1335 1570 1376 adversaretur

227 1398 266 1435 et
300 1395 464 1435 comitia
499 1393 626 1435 multo
663 1397 699 1434 et
734 1394 848 1434 vario
879 1393 1055 1435 ambitus
1081 1406 1223 1446 yenere
1260 1393 1454 1444 turbaret,
1491 1407 1568 1445 quo

228 1454 359 1506 mayis
391 1453 609 1505 Hypsaeus
646 1456 682 1493 et
711 1452 847 1505 Scipio
885 1452 1063 1493 consules
1100 1453 1424 1505 clesiynarentur,
1461 1452 1569 1493 Milo
1588 1466 1621 1491 20

228 1515 363 1553 autem
393 1511 600 1565 repulsam
629 1512 768 1563 ferret,
801 1525 878 1563 per
913 1511 985 1552 lios
1021 1511 1105 1552 dies
1140 1514 1304 1552 senatus
1335 1514 1570 1552 convocatus

228 1574 305 1620 est‚·
337 1572 449 1623 apud
478 1583 594 1622 quem
626 1570 673 1611 P.
701 1568 868 1611 Clodius
898 1571 1158 1611 invectionem
1189 1570 1267 1611 sibi
1296 1583 1377 1610 non
1410 1573 1569 1610 tantum

228 1633 368 1671 contra
398 1629 610 1681 Illilonem,
641 1642 779 1669 verum
810 1630 931 1670 etiam
962 1632 1104 1670 contra
1133 1629 1269 1681 ipsum
1300 1629 1363 1669 M.
1386 1629 1569 1670 Tullium

228 1688 556 1730 contumeliosam
586 1688 711 1729 simul
748 1691 866 1740 atque
901 1701 1088 1741 asperam
1125 1688 1364 1740 depoposcit,
1400 1690 1448 1728 ut
1481 1701 1568 1728 am-

228 1748 355 1788 bitum
392 1747 542 1788 moveri
578 1747 628 1787 ab
666 1760 708 1788 eo
745 1747 905 1796 diceret,
946 1747 1140 1799 quoniam
1177 1747 1317 1787 multis
1353 1760 1447 1799 erya
1482 1759 1567 1787 rem
1587 1758 1620 1784 25

226 1806 431 1858 publicam
468 1806 624 1846 meritis
653 1806 920 1859 praevaleret,
957 1806 1038 1846 vim
1076 1806 1214 1846 moliri
1250 1805 1372 1846 etiam
1399 1818 1473 1857 per
1502 1818 1567 1846 ar-

227 1868 358 1905 matos
388 1865 568 1906 homines
599 1865 905 1914 criminaretur,
940 1865 996 1906 ad
1025 1867 1247 1905 extremum
1278 1864 1390 1916 lonye
1419 1864 1568 1916 minus,

227 1937 350 1976 quam
381 1923 556 1973 liaberet,
595 1924 702 1964 aeris
739 1923 865 1964 alieni
901 1936 982 1965 esse
1010 1922 1261 1976 professum,·
1299 1936 1398 1963 nam
1434 1925 1568 1964 sester-

228 1983 330 2022 tium
367 1982 546 2035 sexayies
588 1983 634 2023 in
673 1995 765 2023 aere
800 1982 931 2023 alieno
968 1995 1008 2023 se
1043 1981 1186 2023 habere
1214 1981 1424 2034 professus
1461 1981 1568 2022 Milo

226 2041 444 2082 secundum
474 2043 641 2082 veterem
671 2041 995 2082 consuetudinem
1023 2040 1172 2092 fuerat.
1217 2040 1319 2082 Cum
1350 2041 1476 2093 i'9itur
1507 2040 1568 2081 ob-
1586 2051 1618 2077 30

227 2099 320 2140 niae
352 2100 602 2140 contenderet
632 2097 803 2141 Clodius
832 2113 915 2141 non
946 2102 1123 2152 oportere
1144 2102 1288 2152 petere,
1320 2100 1392 2151 qui
1420 2112 1568 2152 mayno

226 2171 317 2198 aere
347 2158 479 2199 alieno
511 2158 793 2210 defaeneratus
815 2158 997 2210 praedae
1026 2159 1227 2199 videretur
1251 2158 1464 2199 habiturus
1489 2170 1569 2199 esse

227 2229 310 2257 rem
350 2217 574 2268 publicam,
618 2217 867 2258 contradixit
907 2217 994 2258 eius
1029 2217 1283 2258 insectationi
1319 2217 1382 2258 M.
1420 2215 1568 2269 Cicero,

226 2275 297 2327 qui
324 2275 614 2327 familiaritate
641 2277 864 2328 praecipua
887 2275 1088 2317 DIilonem
1112 2276 1303 2329 diliqebat
1332 2275 1378 2316 ob
1408 2275 1454 2316 id
1481 2288 1568 2316 ma-
