1663 2490
491 102 591 140 cAP.
621 108 674 147 13,
703 108 755 139 14.
806 108 826 145 ᾖ
851 108 1000 138 4b—51.
1338 102 1418 142 179

79 215 255 268 propter
293 226 386 253 eam
425 212 708 266 suscipiamus
746 211 997 253 molestias?
1060 209 1169 258 Quid
1209 210 1321 251 enim
1359 210 1418 250 in-

79 273 214 312 terest
245 273 365 312 motu
398 270 528 311 animi
561 271 732 312 sublato
764 284 849 311 non
882 269 974 311 dico
1006 269 1120 310 inter
1145 268 1348 323 pecudem
1376 270 1419 308 et

78 329 314 379 hominem,
353 329 425 370 sed
463 329 576 370 inter
607 329 825 370 hominem
857 331 901 370 et
931 331 1129 369 truncum
1162 330 1237 368 aut
1269 341 1418 367 saxum

79 391 154 430 aut
186 387 353 442 quidvis
386 388 555 443 generis
588 387 806 429 eiusdem?
866 386 1016 441 Neque
1055 386 1168 428 enim
1207 388 1307 427 sunt
1346 385 1420 426 isti

44 446 295 500 saudiendi‚
337 449 408 500 qui
446 446 651 487 virtutem
691 447 838 487 duram
878 448 921 487 et
957 445 1078 500 quasi
1112 445 1294 486 ferream
1328 458 1419 485 esse

79 505 291 560 quandam
318 505 488 559 volunt,
515 519 622 559 quae
650 504 819 559 quidem
841 507 906 546 est
926 519 1019 546 cum
1043 504 1191 545 multis
1211 504 1255 544 in
1281 503 1420 557 rebus,

77 567 170 605 tum
202 564 247 605 in
279 563 469 605 amicitia
500 566 648 605 tenera
679 566 807 617 atque
839 563 1102 617 tractabilis,
1142 565 1191 604 ut
1221 564 1265 603 et
1298 561 1419 603 bonis

78 622 205 665 amici
249 622 371 676 quasi
417 622 679 663 diffundatur
722 625 765 663 et
809 622 1090 664 incommodis
1128 620 1420 664 contrahatur.

78 680 215 730 Quam
248 682 302 722 ob
335 695 424 723 rem
451 696 587 736 angor
612 681 706 734 iste,
739 681 810 735 qui
837 696 915 736 pro
942 681 1078 722 amico
1105 695 1231 735 saepe
1256 679 1422 734 capien-

28 753 59 775 10
79 740 156 781 dus
190 742 267 793 est,
299 755 386 782 non
417 743 588 782 tantum
619 740 748 793 valet,
778 742 827 780 ut
855 740 985 782 tollat
1011 755 1033 781 e
1059 739 1149 781 vita
1176 739 1422 791 amicitiam,

78 813 165 840 non
196 799 294 853 plus
327 814 455 853 quam
487 802 536 840 ut
566 798 767 852 virtuteS,
801 799 900 852 quia
930 813 1015 840 non
1048 799 1191 840 nullas
1223 812 1346 840 curas
1379 799 1422 838 et

79 858 301 899 molestias
335 858 552 910 adferunt,
584 858 872 911 repudientur.

168 915 276 958 Cum
315 920 457 958 autem
496 916 725 958 contrahat
763 916 1017 969 amicitiam,
1059 918 1108 957 ut
1151 930 1281 970 supra
1324 915 1423 969 dixi,
1439 913 1490 955 14

80 976 117 1016 si
149 990 233 1029 qua
265 975 524 1031 significatio
550 975 724 1016 virtutis
752 976 929 1028 eluceat,
962 975 1014 1015 ad
1042 989 1170 1028 quam
1197 989 1240 1015 se
1268 974 1420 1015 similis

28 1045 58 1069 ι’ἲ
80 1034 246 1075 animus
280 1034 467 1089 adplicet
505 1036 548 1075 et
585 1034 810 1089 adiungat,
846 1033 889 1074 id
928 1048 1023 1074 cum
1061 1033 1262 1088 contigit,
1302 1047 1422 1074 amor

80 1092 296 1134 exoriatur
321 1106 493 1134 necesse
519 1095 597 1133 est.
647 1091 756 1140 Quid
783 1092 896 1133 enim
921 1095 1012 1133 tarn
1040 1092 1268 1132 absurdum
1294 1106 1422 1146 quam
1448 1101 1492 1132 49

79 1151 283 1193 delectari
314 1151 464 1192 multis
495 1151 697 1192 inanimis
729 1151 874 1204 rebuS,
905 1153 953 1192 ut
984 1151 1159 1204 honore,
1191 1154 1239 1191 ut
1271 1151 1423 1206 gloria,

80 1213 127 1251 ut
165 1210 374 1263 aedificio,
418 1212 466 1251 ut
509 1210 669 1251 vestitu
709 1210 911 1264 cultuque
949 1209 1160 1264 corporis,
1205 1210 1422 1251 animante

80 1269 238 1310 virtute
271 1268 484 1323 praedito,
516 1282 565 1310 eo
600 1269 672 1323 qui
703 1269 771 1309 vel
804 1283 949 1310 amare
981 1269 1067 1321 vel,
1099 1271 1147 1309 ut
1178 1268 1240 1309 ita
1273 1268 1423 1322 dicam,

26 1339 59 1363 20
80 1328 301 1369 redamare
333 1328 489 1383 possit,
528 1342 615 1370 non
647 1327 876 1369 admodum
909 1327 1142 1369 delectari?
1203 1326 1324 1368 Nihil
1358 1330 1423 1370 est

80 1387 193 1429 enim
225 1386 569 1428 remuneratione
605 1386 940 1440 benivolentiae,
980 1386 1089 1427 nihil
1129 1386 1422 1428 vicissitudine

80 1445 318 1487 studiorum
340 1445 662 1500 officiorumque
681 1445 916 1487 iucundius.
960 1444 1081 1499 Quid,
1108 1445 1143 1486 si
1164 1445 1270 1486 illud
1292 1446 1423 1487 etiam
1450 1450 1495 1486 50

81 1504 292 1555 addimus,
325 1505 438 1559 quod
469 1507 583 1546 recte
615 1504 712 1545 addi
743 1507 906 1559 potest,
942 1504 1050 1545 nihil
1084 1518 1193 1558 esse,
1226 1505 1338 1559 quod
1371 1504 1423 1546 ad

81 1578 125 1605 se
156 1578 247 1605 rem
278 1563 414 1604 ullam
445 1565 537 1605 tam
569 1563 732 1605 alliciat
764 1566 806 1604 et
838 1563 1033 1605 attrahat
1068 1578 1197 1618 quam
1236 1563 1289 1604 ad
1321 1563 1423 1605 ami-

27 1632 60 1657 25
80 1622 226 1664 citiam
260 1621 527 1663 similitudo?
559 1622 813 1664 concedetur
838 1622 1032 1677 profecto
1059 1637 1206 1664 verum
1239 1637 1343 1675 esse,
1374 1625 1423 1664 ut

79 1682 216 1723 bonos
254 1681 358 1723 boni
395 1680 582 1736 diligant
613 1681 937 1735 adsciscantque
970 1681 1050 1722 sibi
1084 1681 1206 1736 quasi
1247 1682 1421 1737 propin-

81 1741 246 1794 quitate
278 1739 528 1782 coniunctos
562 1743 690 1794 atque
721 1743 889 1781 natura.
949 1740 1070 1781 Nihil
1110 1742 1176 1781 est
1207 1742 1319 1782 enim
1352 1756 1422 1796 ap-

80 1798 296 1855 petentius
317 1799 523 1840 similium
544 1799 609 1840 sui
629 1814 705 1840 nec
724 1799 921 1854 rapacius
944 1813 1072 1853 quam
1085 1801 1252 1841 natura.
1285 1798 1422 1847 Quam

81 1858 136 1900 ob
173 1872 263 1899 rem
300 1857 382 1900 hoc
421 1857 609 1912 quidem,
645 1857 781 1899 Fanni
814 1861 858 1899 et
889 1856 1111 1912 Scaevola,
1148 1861 1334 1913 constet,
1373 1862 1422 1900 ut

43 1929 60 1952 ⁰
80 1917 245 1972 opinor,
269 1916 394 1958 bonis
419 1917 532 1958 inter
556 1917 692 1958 bonos
720 1917 841 1971 quasi
867 1917 1151 1959 necessariam
1178 1917 1422 1959 benivolen-

80 1976 198 2029 tiam,
231 1975 304 2030 qui
337 1978 402 2017 est
428 1975 642 2017 amicitiae
668 1976 764 2018 fons
792 1991 817 2017 a
840 1978 997 2017 natura
1022 1977 1295 2018 constitutus.
1340 1975 1421 2018 Sed

81 2035 228 2076 eadem
259 2035 432 2076 bonitas
464 2035 594 2076 etiam
627 2035 680 2076 ad
712 2035 1031 2076 multitudinem
1063 2036 1262 2091 pertinet.
1322 2035 1422 2077 Non

82 2093 194 2134 enim
213 2097 279 2135 est
295 2094 530 2135 inhumana
548 2095 686 2135 virtus
705 2109 841 2148 neque
861 2094 1047 2135 inmunis
1067 2109 1204 2149 neque
1224 2095 1421 2150 superba,

82 2167 189 2207 quae
215 2153 345 2194 etiam
371 2153 554 2208 populos
579 2154 801 2195 universos
828 2153 938 2194 tueri
965 2154 1108 2207 eisque
1132 2157 1307 2209 optume
1327 2168 1421 2196 con-

1 2238 11 2267 ,
81 2211 220 2252 sulere
253 2212 408 2265 soleat3
440 2212 552 2267 quod
577 2227 664 2254 non
693 2212 854 2254 faceret
885 2212 1090 2267 profecto,
1123 2213 1157 2254 si
1191 2228 1216 2254 a
1241 2213 1420 2255 caritate

79 2270 200 2326 vulgi
234 2270 496 2313 abhorreret.
545 2271 690 2326 Atque
722 2272 853 2313 etiam
885 2271 991 2312 mihi
1017 2271 1185 2326 quidem
1214 2272 1421 2326 videntur,
1446 2281 1489 2314 51

81 2329 152 2383 qui
185 2329 424 2371 utilitatum
456 2345 584 2372 causa
609 2331 778 2386 fingunt
804 2330 1028 2384 amicitias,
1060 2331 1419 2372 amabilissimum
1447 2331 1449 2333 ’

1138 2401 1207 2434 12ne
