1663 2490
452 53 673 96 PROOEM,
688 53 988 90 PARADOXON
1008 55 1034 89 Ι.
1081 60 1098 97 9·
1121 59 1221 90 1-9.
1429 55 1509 96 199

603 172 1013 215 PARADOXON
1043 171 1076 214 Ι.

276 239 367 284 Ὀτι
399 240 540 296 μόνον
572 240 622 284 τὸ
656 242 793 286 καλὸν
825 241 1014 298 ἀγαθόν.

257 335 430 389 Vereor,
461 351 514 377 ne
546 337 612 379 cui
644 341 834 379 vestrum
866 352 916 379 ex
943 336 1259 379 Socraticorum
1287 337 1508 379 hominum

171 395 554 450 disputationibus,
596 410 683 437 non
726 411 776 438 ex
814 411 908 438 meo
948 411 1074 438 sensu
1113 396 1367 451 deprompta
1406 409 1509 438 naec

135 471 151 495 5
170 454 367 496 videatur
398 454 549 507 orati0,
582 454 740 508 dicam,
772 456 885 510 quod
918 456 1073 508 sentio,
1106 458 1263 509 tamen,
1296 458 1338 496 et
1371 455 1509 496 dicam

169 513 361 566 brevius,
394 527 523 567 quam
555 527 622 554 res
654 516 778 555 tanta
810 514 891 555 dici
923 517 1078 569 potest.
1138 513 1385 568 Numquam
1418 513 1510 567 her-

169 572 262 614 cule
300 585 380 627 ego
416 585 551 626 neque
583 572 784 627 pecunias
817 573 999 614 istorum
1030 587 1167 627 neque
1198 575 1313 614 tecta
1345 572 1508 628 magni-

169 631 249 672 fica
291 644 428 684 neque
472 633 574 685 o'pes
619 645 756 685 neque
799 631 980 686 imperia
1028 646 1165 686 neque
1215 645 1305 686 eas,
1355 632 1508 685 quibus

169 703 367 731 maxume
404 689 572 730 astricti
609 692 727 744 sunt,
764 691 1010 744 voluptates
1042 691 1087 731 in
1117 690 1242 732 bonis
1275 690 1402 731 rebus
1435 692 1510 731 aut

117 763 150 788 ιο
170 747 417 803 expetendis
449 762 541 790 esse
579 748 695 803 duxi,
734 749 890 804 quippe
928 764 1023 790 cum
1055 749 1243 790 viderem
1281 749 1408 790 rebus
1441 749 1509 790 his

154 807 501 849 >circumfluentis
542 821 592 848 ea
634 810 779 849 tamen
823 808 1063 849 desiderare
1107 808 1310 862 maxime,
1354 808 1509 862 quibus

169 866 448 907 abundarent.
496 864 646 920 Neque
679 866 789 908 enim
822 877 1026 921 umquam
1059 867 1255 922 expletur
1280 881 1357 908 nec
1383 867 1510 908 satia-

168 928 239 966 tur
270 924 519 979 cupiditatis
552 925 665 978 sitis,
697 939 832 980 neque
865 926 1004 967 solum
1038 940 1087 967 ea
1119 926 1192 980 qui
1223 926 1385 967 habent
1417 926 1510 966 libi-

169 983 265 1024 dine
303 983 494 1038 augendi*
525 983 785 1038 cruciantur,
829 984 902 1025 sed
947 985 1079 1026 etiam
1117 984 1344 1025 amittendi
1382 987 1509 1025 metu.

117 1057 148 1082 15
168 1041 219 1083 In
251 1056 334 1096 quo
367 1041 563 1096 equidem
594 1042 1064 1084 continentissimorum
1100 1042 1341 1097 hominum,
1380 1043 1511 1084 maio-

166 1115 262 1142 rum
293 1103 562 1154 nostrorum,
599 1115 725 1155 saepe
757 1101 928 1155 requiro
966 1101 1255 1156 prudentiam,
1295 1102 1367 1156 qui
1405 1102 1510 1143 haec

166 1159 370 1201 inbecilla.
407 1161 451 1200 et
488 1160 813 1201 commutabilia
858 1160 1078 1215 [pecuniae
1123 1161 1333 1212 membra]
1377 1160 1509 1202 verbo

167 1219 299 1259 bona
329 1220 592 1273 putaverunt
623 1219 899 1273 appellanda,
937 1233 1037 1260 cum
1064 1233 1110 1260 re
1143 1233 1192 1261 ac
1221 1218 1348 1261 factis
1380 1219 1510 1275 longe

168 1277 294 1319 aliter
330 1276 647 1319 iudicavissent.
708 1277 914 1319 Potestne
951 1278 1111 1319 bonum
1152 1278 1351 1332 cuiquam
1394 1278 1509 1320 malo

115 1350 148 1375 ει)
168 1350 273 1386 esse,
298 1339 374 1377 aut
398 1338 544 1391 potest
569 1336 796 1390 quisquam
822 1337 866 1377 in
892 1337 1157 1378 abundantia
1181 1337 1394 1379 bonorum
1418 1337 1510 1392 ipse

168 1409 261 1436 esse
291 1409 379 1436 non
409 1395 577 1436 bonus?
627 1395 763 1449 Atqui
794 1395 880 1437 ista
912 1395 1056 1437 omnia
1086 1396 1194 1437 talia
1214 1396 1430 1451 raudemus,
1461 1398 1510 1437 ut

168 1457 211 1495 et
241 1453 414 1509 inprobi
444 1453 634 1495 habeant
672 1457 716 1495 et
751 1454 896 1496 absint
931 1455 1091 1509 probis
1152 1453 1293 1503 Quam
1331 1455 1386 1497 ob
1418 1468 1509 1496 rem

168 1513 269 1555 licet
299 1512 502 1565 inrideat,
540 1513 575 1553 si
608 1513 682 1567 qui
712 1510 826 1567 vult,
857 1513 955 1568 plus
988 1514 1101 1568 apud
1132 1528 1200 1555 me
1231 1516 1378 1555 tamen
1408 1528 1511 1555 vera

167 1572 279 1613 ratio
311 1571 475 1613 valebit
506 1583 635 1626 quam
665 1571 787 1628 vulgi
818 1572 982 1627 opinio,
1017 1587 1154 1627 neque
1193 1587 1273 1628 ego
1305 1587 1510 1627 umquam

114 1643 148 1670 25
167 1631 282 1672 bona
313 1630 548 1685 perdidisse
575 1630 725 1684 dicam,
757 1631 794 1672 si
820 1631 914 1685 quis
942 1645 1069 1685 pecus
1097 1633 1172 1673 aut
1197 1632 1510 1687 supellectilem

168 1689 379 1744 amiserit,
429 1703 508 1731 nec
549 1704 636 1731 non
680 1703 806 1755 saepe
849 1690 1035 1731 laudabo
1086 1690 1324 1745 sapientem
1372 1691 1509 1744 illum,

166 1747 386 1802 Biantem,
417 1750 466 1789 ut
497 1748 667 1803 opinor,
706 1748 779 1802 qui
810 1752 1061 1790 numeratur
1090 1749 1136 1790 in
1168 1752 1350 1804 septem3
1390 1750 1509 1791 cuius

169 1821 299 1862 quom
335 1807 523 1862 patriam
560 1807 762 1849 Prienam
799 1807 982 1862 cepisset
1018 1807 1158 1850 hostis
1196 1808 1410 1863 ceterique
1447 1808 1511 1849 ita

166 1865 384 1922 fugerent,
426 1868 476 1907 ut
518 1867 657 1907 multa
700 1866 750 1907 de
788 1866 876 1907 suis
913 1867 1040 1908 rebus
1079 1869 1371 1922 asportarent,
1413 1882 1510 1909 cum

115 1938 148 1963 ³0
168 1928 282 1967 esset
308 1925 551 1966 admonitus
578 1940 604 1967 a
630 1925 826 1979 quodam,
855 1928 904 1966 ut
928 1925 1041 1966 idem
1065 1926 1157 1981 ipse
1182 1926 1355 1981 faceret,
1381 1925 1509 1982 ‘Ego

166 1983 320 2038 vero',
362 1984 522 2038 inquit,
561 1983 734 2038 ‘faei03
776 1999 888 2025 nam
927 1985 1094 2026 omnia
1131 1999 1320 2027 mecum
1356 1987 1508 2040 porto

167 2041 301 2084 mea?
373 2042 455 2084 Ille
497 2043 603 2085 haec
646 2043 833 2084 ludibria
875 2043 1075 2085 fortunae
1117 2058 1171 2085 ne
1216 2059 1293 2086 sua
1337 2043 1508 2098 quidem

167 2101 355 2156 putavit,
393 2116 501 2156 quae
537 2116 617 2144 nos
649 2102 919 2157 appellamus
952 2102 1082 2143 etiam
1113 2103 1238 2144 bona.
1301 2101 1411 2151 Quid
1443 2105 1510 2145 est

167 2159 314 2216 igitur,
346 2163 522 2215 quaeret
554 2161 723 2216 aliquis,
754 2161 944 2203 bonum?
1007 2159 1064 2216 Si,
1096 2162 1209 2216 quod
1240 2164 1354 2204 recte
1385 2162 1435 2203 fit
1467 2164 1510 2203 et

116 2230 150 2256 ⁸⁵
167 2218 348 2261 honeste
390 2222 434 2261 et
477 2234 574 2262 cum
616 2220 796 2274 virtute,
838 2220 882 2261 id
924 2220 1032 2262 bene
1074 2220 1168 2262 fieri
1204 2235 1303 2262 vere
1342 2220 1508 2275 dicitur,

170 2277 282 2332 quod
305 2280 468 2321 rectum
495 2281 538 2320 et
562 2279 793 2321 honestum
820 2281 863 2320 et
889 2293 984 2321 cum
1009 2279 1170 2321 virtute
1195 2282 1273 2335 est,
1298 2279 1342 2321 id
1368 2279 1507 2321 solum

1536 326 1555 405 mh*

1535 1464 1556 1496 8
