1673 2505
435 80 734 116 ORATIONUM.
762 81 802 116 B.
833 80 962 116 18—C.
989 81 1049 116 IV.
1333 81 1418 123 289

169 189 236 230 27.
276 186 440 241 Ulpian.
468 189 512 230 in
537 188 635 242 Dzy.
661 189 802 230 XLII
828 192 866 230 4.
892 192 919 231 4
945 188 1137 230 Latitare
1165 193 1222 230 cst
1252 203 1344 240 non,
1375 193 1422 230 ut

0 242 1 248 ¹
81 246 217 290 Cicero
247 247 405 299 definit,
436 247 575 301 turpis
609 248 839 289 occultatio
873 248 949 289 sui.

168 306 235 348 28.
272 305 354 347 Iul.
394 305 528 347 Victor
560 310 597 348 6.
628 310 654 347 4
690 321 729 359 p.
761 310 857 348 402.
888 309 945 349 20
982 307 1039 348 H.
1100 307 1166 348 Ab
1202 310 1339 348 eventu
1376 307 1420 347 in

79 365 160 418 fine
183 364 442 418 (argumenta
467 365 702 416 (ineuntur),
727 369 772 406 ut
790 366 852 407 M.
876 366 1038 408 Tullius
1058 364 1218 408 Cicero:
1245 363 1288 406 Si
1315 365 1419 406 iudi-

27 436 44 462 5
81 422 277 465 caveritis
317 423 407 464 sine
446 423 543 465 dolo
583 424 697 465 malo
734 438 861 478 posse
899 424 1109 466 familiam
1153 424 1420 480 congregari,

80 481 297 524 hominem
323 481 468 536 occidi,
495 482 692 524 omnibus
718 482 972 525 facinorosis
1001 484 1177 525 eandem
1202 483 1420 525 licentiam

80 540 373 596 permiseritis.

167 599 234 640 29.
269 600 404 651 Quint.
435 599 510 641 IX
538 603 578 642 2.
610 603 664 641 41
695 600 810 642 Haec
840 602 1000 653 quidem
1033 602 1246 644 translat-io
1278 606 1419 655 tempo—

79 671 188 712 rum,
231 671 333 711 qnae
361 659 530 712 proprie
565 656 824 712 μετάστασις
861 661 1027 713 dicitnr,
1072 661 1117 701 in
1155 660 1420 702 διατυπώσει

30 729 62 756 ιο
79 718 337 758 verecundior
366 719 478 770 apud
501 720 661 771 priores
688 718 791 769 fnit‚·
822 719 1127 771 praeponebant
1156 721 1263 761 enim
1295 721 1420 762 talia:

81 774 252 818 ‘Credite
281 789 350 818 vos
374 776 553 829 intueri',
583 781 629 818 nt
653 776 810 819 Cicero:
842 777 971 828 Haec,
1005 793 1112 832 quae
1137 793 1224 820 non
1250 779 1420 820 vidistis

82 834 236 888 oculis,
269 835 422 877 animis
456 850 627 877 cernere
659 836 856 891 potestis,

167 893 235 935 30.
266 894 349 936 Iul.
380 894 584 936 Severian.
615 899 669 937 13
700 910 741 948 p.
772 899 864 937 361.
896 898 953 937 24
985 896 1043 937 Η.
1093 896 1135 938 A
1172 910 1296 939 cansa
1333 897 1419 951 (ar-

74 956 267 1006 yumenta
297 955 558 1008 snnnmtmy:
591 952 760 996 Satisne
787 955 922 1010 igitur
947 955 1132 1008 cernitis,
1166 956 1319 1010 quibus
1347 956 1420 997 ille

29 1022 60 1049 1⁵
80 1011 358 1066 mercedibus,
389 1013 544 1067 quibus
571 1013 884 1067 emolumentis,
912 1014 1064 1068 quibus
1092 1015 1294 1069 praemiis
1320 1015 1420 1057 inci-

79 1073 196 1112 tatus
228 1075 266 1112 et
293 1075 432 1114 cetera.

168 1130 235 1171 31.
263 1129 384 1172 Grill.
415 1134 620 1172 comment.
643 1145 688 1183 p.
714 1133 806 1172 599.
835 1134 861 1172 7
886 1131 944 1172 H.
988 1130 1230 1185 eDispositio
1255 1136 1312 1175 est
1341 1132 1420 1174 —.'

87 1188 200 1231 Unde
229 1190 334 1242 ipse:
369 1204 520 1244 meque
552 1204 694 1231 meum
727 1189 891 1231 (licendi
924 1190 1115 1231 ordinem
1148 1205 1318 1233 servare
1350 1207 1421 1247 pa-

79 1247 260 1289 tiamini.
628 1249 630 1251 ’

28 1319 61 1344 20
168 1307 242 1362 32,
280 1307 347 1348 33.
388 1307 470 1349 Iul.
508 1307 723 1361 Rufinian.
754 1311 784 1350 2
812 1322 857 1361 p.
888 1311 954 1350 39.
987 1312 1014 1350 8
1044 1308 1102 1350 H.
1164 1307 1422 1363 Χλευασμός

78 1367 160 1408 sive
185 1363 526 1420 ἐπικερτόμησις.
552 1391 607 1395 ——
633 1367 761 1420 Apud
778 1366 1028 1409 Ciceronem:
1055 1366 1187 1416 Quasi
1212 1383 1312 1410 vero
1340 1383 1420 1424 ego

81 1425 130 1466 de
160 1424 269 1467 faeie
300 1428 388 1478 tua,
421 1424 652 1480 Catamite,
685 1426 882 1467 dixerim!
919 1427 980 1468 vel
1010 1426 1140 1468 alias:
1178 1426 1420 1469 Potuistine

80 1484 430 1526 contumeliosius
464 1484 621 1539 facere,
661 1484 693 1525 si
728 1485 809 1526 tibi
839 1485 920 1527 hoc
951 1484 981 1538 ’ζ-
1012 1483 1223 1528 Parmeno
1257 1487 1421 1541 alloqui

81 1558 129 1586 ac
159 1558 245 1585 non
276 1543 368 1598 ipse
399 1543 612 1585 Parmeno
644 1544 915 1585 nuntiasset?

28 1613 62 1639 25
169 1603 236 1644 34.
262 1602 431 1656 Pompei
454 1606 659 1645 comment.
685 1604 729 1644 T.
757 1603 798 1645 V
814 1618 857 1656 p.
877 1606 971 1646 304.
994 1608 1021 1645 7
1038 1603 1147 1646 Keil.
1186 1605 1419 1648 Homoeote-

80 1662 212 1704 leuton
243 1665 308 1712 est,
340 1663 521 1715 quotiens
551 1663 596 1703 in
626 1662 745 1704 verba
774 1663 905 1704 exitiis
935 1666 992 1704 est
1017 1664 1143 1705 nnius
1166 1664 1267 1705 soni.
1311 1664 1422 1707 Puta

78 1721 268 1763 habemus
298 1722 410 1774 apud
434 1720 662 1763 Ciceronem
688 1722 939 1775 apertissime
963 1723 1166 1774 positum:
1199 1722 1350 1777 Itaque
1376 1724 1422 1765 in

78 1779 202 1822 illum
233 1794 320 1822 non
352 1780 714 1833 animadvertisti,
747 1780 820 1821 sed
851 1780 1068 1835 hospitem
1100 1781 1326 1835 reliquisti.

164 2038 209 2082 O.
253 2039 447 2082 TITULI
481 2038 828 2081 ORATIONUM
859 2038 1339 2083 DEPERDITARUM.

44 2133 110 2187 01,
139 2134 194 2176 Π.
225 2134 322 2177 PRO
355 2134 540 2188 ACILIO,
572 2135 718 2188 capitis
747 2148 813 2176 reo
843 2134 919 2188 (ad
946 2135 1047 2187 fani.
1087 2135 1179 2176 VII
1206 2139 1271 2177 30.
1303 2136 1361 2190 3).

77 2192 154 2235 III.
197 2193 292 2236 PRO
324 2193 368 2236 C.
402 2193 636 2245 ANTONIO,
678 2194 826 2246 colleya
862 2195 908 2235 in⁴
943 2194 1156 2236 consulatu
1193 2194 1285 2247 (pro
1316 2196 1419 2237 dom.

166 2257 230 2294 16.
262 2256 328 2306 41,
359 2252 443 2294 Dio
475 2252 585 2294 Cass.
618 2252 885 2294 XXXVIII
910 2257 974 2295 10.
1006 2253 1064 2307 4).

77 2310 150 2353 IV.
198 2311 294 2354 PRo
326 2324 528 2353 MULIERE
562 2311 807 2353 ARRETINA
839 2311 931 2365 (pro
963 2311 1072 2354 Caec.
1104 2316 1170 2355 33.
1201 2313 1287 2363 97).

149 2387 220 2413 010.
239 2388 291 2414 1v.
313 2387 336 2412 3.
1162 2385 1203 2416 19
