1663 2490
475 95 564 133 LlB.
590 96 618 132 Ι.
658 96 757 132 ΟΑΡ.
784 100 886 132 2-4.
925 100 945 138 5
970 100 1097 132 5—11.
1428 97 1455 138 5

114 204 257 247 ficium
279 206 460 258 rectum,
480 203 644 259 opinor,
669 217 886 257 vocemus,
906 203 1109 258 quoniam
1129 202 1281 246 Graeci
1301 201 1453 258 κατόρ-

114 267 258 317 θωμα,
292 262 374 305 hoc
406 264 549 304 autem
581 276 804 304 commune
836 262 1024 304 officium
1054 263 1256 316 καθῆκον
1288 266 1453 305 vocant.

115 321 259 375 Atque
285 335 335 363 ea
360 321 421 363 sic
446 320 666 374 definiunt,
691 324 750 375 ut,
776 323 938 363 rectum
965 320 1078 375 quod
1104 321 1172 374 sit,
1197 321 1240 362 iel
1267 320 1455 363 officium

114 380 352 436 perfectum
372 394 464 421 esse
484 379 707 434 definiant3
726 380 911 422 medium
931 382 1074 422 autem
1092 378 1280 421 officium
1300 380 1343 421 id
1363 394 1454 422 esse

80 439 279 493 5dicunt‚
324 438 436 493 quod
480 452 554 480 cur
590 438 752 480 factum
790 439 864 493 sit,
907 439 1019 480 ratio
1057 438 1295 493 probabilis
1337 439 1454 480 reddi

114 497 265 553 possit.
325 497 499 552 Triplex
530 497 665 552 igitur
697 500 779 551 est,
818 500 868 539 ut
897 497 1104 539 Panaetio
1137 497 1323 551 videtur,
1361 512 1455 539 con-

115 556 201 597 silii
233 555 427 611 capiendi
460 555 724 597 deliberatio
775 555 888 598 Nam
918 559 992 598 aut
1023 556 1306 598 honestumne
1337 555 1455 598 factu

114 615 172 657 sit
198 629 252 657 an
277 617 401 670 turpe
428 614 629 656 dubitant
654 614 708 668 id,
735 615 847 670 quod
873 615 918 656 in
944 614 1296 657 deliberationem
1323 615 1455 671 cadit3

113 673 158 715 in
185 687 268 728 quo
294 673 602 716 considerando
629 687 754 728 saepe
781 674 912 715 animi
943 674 987 715 in
1018 674 1256 715 contrarias
1290 677 1455 716 senten-

63 748 94 773 ιο
114 732 199 774 tias
226 732 535 774 distrahuntur.
585 731 694 773 Tum
721 735 863 774 autem
890 735 965 774 aut
990 733 1223 787 anquirunt
1255 735 1329 774 aut
1361 747 1455 775 con-

115 791 298 845 sultant,
335 791 388 832 ad
419 792 534 833 vitae
566 791 915 833 commoditatem
952 791 1363 846 iucunditatemque,
1402 792 1455 834 ad

113 849 343 892 facultates
377 864 519 892 rerum
551 853 679 904 atque
706 851 863 906 copias,
895 850 948 891 ad
977 864 1091 905 opeS,
1123 850 1176 892 ad
1202 851 1453 905 potentiam,

115 909 269 963 quibus
295 911 340 950 et
364 923 409 950 se
434 909 605 964 possint
629 909 775 951 iuvare
802 911 844 950 et
869 923 980 962 SUOS,
1010 908 1219 951 conducat
1243 909 1286 950 id
1311 924 1454 964 necne,

114 967 165 1009 de
192 981 275 1021 quo
302 967 561 1021 deliberant3
593 982 701 1021 quae
727 967 980 1009 deliberatio
1008 967 1146 1008 omnis
1172 968 1217 1008 in
1241 968 1454 1010 rationem

0 1061 1 1065 ,
63 1041 94 1066 15
113 1025 318 1068 utilitatis
359 1025 485 1067 cadit.
546 1025 742 1067 Tertium
785 1025 1008 1067 dubitandi
1053 1040 1186 1081 genus
1232 1029 1314 1080 est,
1359 1042 1454 1069 cum

112 1098 306 1140 pugnare
342 1084 512 1126 videtur
549 1098 645 1126 cum
681 1085 863 1126 honesto
900 1084 961 1139 id,
1005 1085 1119 1139 quod
1155 1085 1325 1127 videtur
1362 1100 1454 1128 esse

112 1144 238 1197 utile;
269 1158 365 1185 cum
392 1143 504 1185 enim
536 1143 703 1185 utilitas
732 1144 784 1185 ad
810 1158 854 1185 se
880 1157 1048 1198 rapere,
1078 1143 1283 1186 honestas
1304 1147 1455 1186 contra

54 1212 59 1219 ’
113 1217 314 1244 revocare
335 1201 388 1244 ad
409 1216 453 1244 se
479 1202 659 1255 videtur,
684 1202 735 1243 fit
760 1205 808 1244 ut
828 1202 1093 1244 distrahatur
1113 1203 1157 1244 in
1177 1203 1453 1245 deliberando

113 1261 281 1303 animus
320 1260 569 1316 adferatque
608 1261 838 1316 ancipitem
881 1275 1027 1303 curam
1070 1262 1300 1317 cogitandi.
1361 1261 1454 1305 Hac

60 1335 93 1360 20
114 1320 334 1374 divisione,
365 1335 462 1362 cum
493 1320 726 1375 praeterire
759 1320 921 1375 aliquid
952 1335 1200 1362 maxumum
1231 1321 1384 1363 vitium
1410 1322 1456 1363 in

114 1378 338 1421 dividendo
372 1379 441 1432 sit,
473 1378 555 1421 duo
587 1379 892 1433 praetermissa
918 1382 1034 1432 sunt3
1064 1393 1142 1421 nec
1167 1380 1281 1421 enim
1314 1380 1454 1422 solum

113 1441 259 1480 utrum
295 1437 525 1479 honestum
563 1453 618 1480 an
655 1441 780 1493 turpe
818 1438 892 1491 sit,
937 1438 1164 1480 deliberari
1209 1439 1337 1493 solet,
1381 1439 1454 1481 sed

113 1497 245 1539 etiam
291 1496 456 1538 duobus
500 1496 734 1552 propositis
777 1496 972 1538 honestis
1021 1499 1168 1539 utrum
1217 1497 1454 1552 honestius,

112 1556 302 1610 itemque
334 1555 499 1597 duobus
530 1555 764 1611 propositis
789 1556 969 1597 utilibus
995 1558 1142 1598 utrum
1167 1556 1329 1612 utilius.
1372 1556 1454 1611 Ita,

61 1627 95 1653 25
116 1629 245 1670 quam
276 1615 350 1655 ille
381 1614 596 1669 triplicem
627 1614 798 1669 putavit
823 1628 915 1656 esse
941 1615 1165 1669 rationem,
1196 1615 1241 1656 in
1267 1615 1453 1671 quinque

112 1676 259 1729 partes
292 1673 493 1715 distribui
528 1673 679 1715 debere
712 1674 936 1728 reperitur.
997 1673 1190 1715 Primum
1222 1674 1356 1730 igitur
1388 1678 1454 1716 est

113 1733 164 1774 de
195 1733 397 1785 honesto,
429 1731 503 1773 sed
534 1732 778 1787 dupliciter,
812 1735 904 1774 tum
937 1732 1031 1788 pari
1062 1733 1228 1774 ratione
1261 1733 1311 1774 de
1343 1734 1453 1788 utili,

111 1796 213 1847 post
243 1791 295 1833 de
326 1791 646 1846 comparatione
678 1805 825 1833 eorum
857 1791 1160 1833 disserendum.

1483 1271 1525 1303 10

1478 1819 1506 1858 4

200 1849 417 1905 Principio
456 1850 603 1905 generi
647 1850 930 1891 animantium
975 1851 1091 1892 omni
1131 1853 1197 1892 est
1235 1865 1261 1892 a
1296 1854 1453 1893 natura
1481 1869 1518 1901 11

59 1921 95 1949 30
112 1908 337 1962 tributum,
367 1911 416 1950 ut
449 1923 505 1962 se,
536 1909 671 1950 vitam
703 1923 940 1964 corpusque
966 1912 1150 1964 tueatur,
1182 1909 1366 1951 declinet
1391 1925 1452 1965 ea,

112 1982 221 2023 quae
245 1967 443 2010 nocitura
473 1942 706 2021 videantur,
733 1968 973 2023 omniaque,
1000 1983 1107 2023 quae
1130 1968 1217 2009 sint
1237 1968 1291 2010 ad
1309 1969 1453 2011 viven-

112 2026 213 2068 dum
243 2026 499 2081 necessaria,
531 2026 731 2081 anquirat
760 2029 803 2068 et
828 2029 962 2082 paret,
994 2029 1042 2069 ut
1066 2030 1257 2110 pastum,
1283 2029 1333 2070 ut
1356 2027 1452 2070 lati-

110 2085 232 2140 bula,
271 2088 321 2127 ut
359 2085 446 2127 alia
483 2085 652 2141 generis
689 2084 889 2127 eiusdem.
950 2083 1185 2129 Commune
1223 2087 1328 2128 item
1365 2087 1452 2128 ani-

113 2145 323 2187 mantium
338 2144 528 2187 omm'um
549 2147 614 2186 est
634 2144 943 2186 coniunctionis
965 2143 1180 2200 adpetitus
1200 2145 1451 2201 procreandi

59 2212 94 2242 35
112 2217 242 2246 eausa
278 2206 321 2246 et
357 2217 459 2245 cura
497 2203 706 2258 quaedam
743 2218 906 2258 eorum,
945 2218 1052 2258 quae
1090 2207 1316 2259 procreata
1347 2204 1451 2258 sint3

112 2261 186 2304 sed
222 2262 334 2304 inter
370 2262 588 2304 hominem
626 2265 670 2304 et
706 2262 878 2304 beluam
915 2262 996 2305 hoc
1034 2263 1218 2304 maxime
1258 2263 1451 2317 interest,

112 2321 226 2376 quod
262 2321 367 2364 haec
403 2323 594 2376 tantum,
638 2324 845 2376 quantum
890 2335 1016 2363 sensu
1060 2326 1274 2372 movetur,
1317 2321 1370 2364 ad
1408 2322 1450 2364 id
