1663 2490
194 22 245 62 18
714 21 778 56 DE
805 20 1003 56 OFFICIIS

120 138 163 170 47
280 127 344 170 De
398 128 688 170 benivolentia
743 130 903 182 autem,
959 143 1087 182 quam
1137 128 1315 183 quisque
1368 129 1527 169 habeat

191 200 294 242 erga
336 201 433 240 nos,
474 186 661 241 primum
704 187 811 227 illud
854 189 920 227 est
959 187 1005 228 in
1042 186 1200 241 officio,
1237 189 1286 228 ut
1323 186 1362 228 ei
1397 187 1528 241 pluri-

190 259 306 287 mum
343 245 596 299 tribuamus,
634 260 659 286 a
697 259 779 299 quo
814 244 1047 300 plurimum
1079 245 1322 301 diligamur,
1354 245 1427 286 sed
1457 245 1527 286 be-

188 304 470 345 nivolentiam
506 318 593 345 non
630 303 1044 345 adulescentulorum
1081 318 1198 345 more
1238 303 1388 345 ardore
1427 318 1527 357 quo-

191 362 289 403 dam
340 362 517 415 amoris,
574 362 647 403 sed
697 361 935 403 stabilitate
990 362 1133 417 potius
1185 365 1227 404 et
1284 362 1526 403 constantia
1563 372 1579 399 5

190 421 435 462 iudicemus.
498 419 572 461 Sin
611 423 734 461 erunt
774 421 944 475 merita,
987 423 1036 462 ut
1078 436 1165 462 non
1207 421 1409 474 ineunda,
1454 420 1528 461 sed

190 478 411 520 referenda
449 479 506 520 sit
545 479 704 534 gratia,
743 479 880 520 maior
915 479 1123 533 quaedam
1155 494 1256 521 cura
1287 479 1528 520 adhibenda

191 540 274 591 est3
304 538 472 578 nullum
504 538 617 578 enim
650 537 837 578 officium
868 538 1090 579 referenda
1122 538 1263 593 gratia
1288 537 1427 593 magis
1458 551 1528 578 ne-

121 607 164 639 48
191 596 424 638 cessarium
445 598 520 637 est.
556 594 716 644 Quodsi
736 610 797 650 ea,
817 610 924 650 quae
943 596 1102 637 utenda
1122 596 1346 651 acceperis,
1366 596 1527 637 maiore

190 669 401 708 mensura,
427 655 463 695 si
489 654 614 696 modo
641 654 793 709 possis,
819 654 938 696 iubet
962 655 1135 696 reddere
1158 654 1384 708 Hesiodus,
1411 654 1528 708 quid·
1549 665 1579 690 10

189 728 290 754 nam
323 713 527 754 beneficio
565 713 788 768 provocati
824 713 964 754 facere
1002 713 1232 755 debemus?
1274 728 1328 755 an
1364 713 1527 754 imitari

192 786 317 826 agros
349 771 534 826 fertiles,
573 772 646 826 qui
682 772 818 813 multo
857 772 954 826 plus
987 771 1169 813 efferunt
1201 786 1329 826 quam
1361 786 1528 826 accepe-

190 831 320 871 runt?
380 829 553 871 Etenim
593 830 629 871 si
665 830 711 871 in
748 844 838 883 eos,
879 844 985 884 quos
1025 845 1246 885 speramus
1277 830 1402 872 nobis
1434 845 1528 885 pro-

190 889 372 943 futuros,
402 903 489 930 non
522 889 767 930 dubitamus
797 888 938 930 officia
963 889 1166 943 conferre,
1199 890 1346 943 quales
1378 889 1423 930 in
1455 903 1526 930 eos

192 962 283 989 esse
322 947 544 1001 debemus,
586 948 658 1002 qui
694 948 780 989 iam
817 948 1099 1002 profuerunt?
1160 947 1275 989 Nam
1312 962 1407 989 cum
1445 947 1526 989 duo
1548 955 1585 983 ¹⁵

192 1020 351 1062 genera
375 1006 653 1048 liberalitatis
680 1006 778 1061 sint,
803 1021 934 1047 unum
961 1006 1088 1048 dandi
1113 1006 1318 1061 beneficii,
1344 1007 1528 1048 alterum

191 1065 410 1119 reddendi,
448 1065 594 1106 demus
626 1079 775 1119 necne,
811 1065 856 1106 in
886 1068 1036 1107 nostra
1066 1068 1284 1120 potestate
1321 1068 1405 1119 est,
1442 1079 1529 1106 non

191 1123 366 1165 reddere
403 1123 495 1165 viro
534 1125 647 1165 bono
685 1138 772 1165 non
810 1124 927 1177 licet,
968 1124 1094 1165 modo
1132 1124 1175 1165 id
1211 1124 1351 1165 facere
1389 1123 1528 1178 possit

123 1193 164 1224 «39
193 1183 283 1223 sine
313 1182 480 1223 iniuria.
530 1183 814 1237 Acceptorum
841 1185 983 1224 autem
1015 1183 1315 1224 beneficiorum
1345 1185 1445 1223 sunt
1471 1182 1528 1222 di-

192 1241 327 1282 lectus
359 1241 557 1295 habendi,
587 1255 664 1282 nec
690 1241 877 1295 dubium,
909 1242 1011 1296 quin
1038 1242 1223 1283 maximo
1256 1241 1405 1295 cuique
1436 1241 1526 1295 plu·
1547 1251 1579 1276 20

192 1299 348 1341 rimum
381 1299 597 1341 debeatur.
658 1299 709 1341 In
741 1314 823 1354 quo
855 1303 1001 1341 tamen
1030 1300 1075 1341 in
1105 1300 1268 1355 primis,
1302 1314 1384 1354 quo
1418 1300 1527 1354 quis-

193 1373 273 1413 que
306 1358 461 1411 animo,
493 1358 653 1412 studio,
683 1358 976 1400 benivolentia
1006 1357 1174 1413 fecerit,
1205 1358 1525 1414 ponderandum

193 1420 269 1458 est.
318 1416 446 1458 Multi
470 1417 582 1458 enim
606 1416 771 1458 faciunt
797 1418 935 1459 multa
959 1418 1202 1459 temeritate
1228 1417 1412 1471 quadam
1438 1417 1527 1458 sine

191 1475 346 1517 iudicio
390 1476 458 1517 vel
503 1476 652 1517 morbo
696 1476 741 1516 in
785 1490 930 1517 omnes
974 1477 1042 1517 vel
1079 1476 1302 1531 repentino
1344 1476 1527 1530 quodam

193 1535 316 1588 quasi
336 1537 463 1576 vento
483 1534 647 1589 impetu
668 1534 799 1576 animi
821 1535 1006 1589 incitati3
1033 1549 1140 1589 quae
1166 1535 1371 1576 beneficia
1395 1549 1526 1589 aeque
1548 1544 1579 1570 2⁵
1651 1584 1656 1591 ι

192 1607 350 1648 magna
380 1608 466 1635 non
498 1596 598 1634 sunt
629 1593 825 1635 habenda
854 1596 982 1648 atque
1009 1608 1068 1647 ea,
1101 1608 1209 1648 quae
1233 1593 1401 1647 iudicio,
1433 1608 1527 1635 con·
1592 1598 1596 1599 ⁷

193 1652 378 1693 siderate
410 1654 738 1706 constanterque
772 1652 914 1693 delata
942 1655 1052 1693 sunt.
1103 1651 1184 1694 Sed
1209 1652 1254 1693 in
1279 1652 1526 1694 collocando

192 1710 397 1752 beneficio
430 1713 473 1751 et
503 1711 548 1752 in
579 1710 799 1752 referenda
831 1711 993 1767 gratia,
1025 1711 1062 1752 si
1093 1713 1233 1753 cetera
1263 1711 1385 1766 paria
1415 1714 1528 1765 sunt,

193 1769 273 1810 hoc
304 1783 501 1811 maxume
534 1769 663 1811 officii
696 1772 778 1823 est,
815 1773 863 1811 ut
901 1770 1079 1824 quisque
1114 1784 1310 1811 maxume
1343 1769 1436 1824 opis
1467 1769 1527 1811 in-

194 1828 349 1883 digeat,
379 1828 441 1869 ita
474 1828 512 1869 ei
542 1828 815 1883 potissimum
847 1828 1069 1883 opitulari3
1102 1829 1213 1882 quod
1245 1830 1396 1870 contra
1426 1828 1477 1869 fit
1503 1843 1527 1869 a
1547 1838 1581 1863 3⁰

193 1887 426 1941 plerisque,
459 1902 484 1928 a
516 1901 598 1941 quo
631 1887 743 1928 enim
774 1887 1007 1942 plurimum
1033 1889 1220 1941 sperant,
1252 1887 1423 1928 etiamsi
1452 1887 1527 1928 ille

193 1945 247 1985 iis
278 1959 364 1986 non
396 1948 510 2000 eget,
541 1948 686 1987 tamen
718 1945 755 1987 ei
786 1945 1059 2000 potissimum
1091 1945 1340 1987 inserviunt.

125 1990 180 2073 ἐξ
313 2003 484 2058 Optime
530 2007 671 2046 autem
716 2004 897 2046 societas
940 2004 1161 2046 hominum
1204 2005 1527 2059 coniunctioque

196 2062 450 2115 servabitur,
483 2062 536 2117 si,
568 2065 616 2104 ut
648 2062 826 2117 quisque
858 2063 939 2104 erit
971 2063 1358 2118 coniunctissimus,
1389 2064 1453 2105 ita
1483 2064 1527 2104 in

196 2136 292 2163 eum
323 2121 604 2176 benignitatis
636 2122 870 2176 plurimum
898 2121 1150 2163 conferetur.
1199 2120 1292 2176 Sed,
1325 2137 1432 2176 quae
1456 2137 1527 2163 na·
1548 2133 1579 2157 3⁵
1632 2156 1663 2178 η,

196 2183 317 2221 turae
338 2179 548 2234 principia
569 2180 655 2221 sint
674 2180 993 2222 communitatis
1014 2183 1056 2221 et
1073 2180 1290 2222 societatis
1304 2180 1527 2234 humanae,
1633 2176 1636 2180 ¹
1661 2182 1663 2184 ’

198 2238 475 2294 repetendum
518 2238 686 2280 videtur
733 2239 880 2293 albium
924 2242 988 2280 est
1027 2239 1138 2280 enim
1176 2240 1378 2294 primum,
1416 2239 1529 2294 quod
