1663 2490
403 44 492 81 LIB.
518 45 546 80 1.
597 44 698 81 CAP.
724 48 874 80 37-39.
923 48 943 86 ξ
972 47 1164 78 133-139.
1395 41 1450 82 47

115 154 214 206 riae,
248 153 294 194 in
325 153 478 207 quibus
510 151 715 193 utendum
748 154 812 193 est
842 150 1028 192 fortasse
1059 152 1103 191 et
1133 150 1249 192 vocis
1282 152 1452 192 conten-

114 213 231 254 tione
263 211 425 253 maiore
457 213 499 252 et
530 211 759 252 verborum
792 210 1007 265 gravitate
1039 208 1220 261 acriore,
1251 208 1295 249 id
1327 222 1452 264 agen-

48 273 51 275 ’
115 271 214 312 dum
246 270 395 323 etiam,
425 272 474 310 ut
505 283 555 310 ea
585 268 725 311 facere
758 269 978 310 videamur
1009 267 1120 308 irati.
1182 265 1282 320 Sed,
1320 270 1368 308 ut
1399 267 1453 308 ad

113 328 320 370 urendum
359 331 402 369 et
439 327 686 381 secandum,
730 328 790 369 sic
829 327 881 368 ad
918 327 1000 368 hoc
1038 340 1171 381 genus
1210 325 1452 381 castigandi

78 399 95 424 ⁵
114 402 212 429 raro
243 387 453 441 invitique
484 386 702 427 veniemus
734 400 811 428 nec
842 400 1045 440 umquam
1082 385 1166 425 nisi
1199 384 1453 437 necessario,

114 447 150 487 si
181 446 302 487 nulla
332 445 569 499 reperietur
601 445 687 486 alia
718 444 944 498 medicina3
985 443 1059 485 sed
1095 446 1241 484 tamen
1269 443 1334 484 ira
1359 457 1452 497 pro-

113 505 181 547 cul
214 504 347 557 absit,
379 518 474 544 cum
507 518 591 557 qua
621 503 730 544 nihil
762 507 875 545 recte
906 503 1015 555 fieri,
1046 502 1155 543 nihil
1187 501 1453 544 considerate

113 566 270 618 potest
318 562 522 618 Magnam
543 565 693 615 autem
716 565 886 618 partem
918 561 1118 603 clementi
1150 561 1435 616 castigatione
1460 570 1523 601 13¹1

114 622 214 664 licet
245 621 327 675 uti,
366 622 580 676 gravitate
619 613 765 662 tamen
802 621 1019 674 adiuncta,
1059 623 1108 661 ut
1145 620 1351 661 severitas
1385 619 1454 660 ad-

62 693 92 717 10
112 680 313 722 hibeatur
345 682 388 721 et
426 680 686 722 contumelia
722 680 974 734 repellatur,
1012 681 1140 733 atque
1179 679 1308 720 etiam
1346 678 1455 719 illud

112 725 266 795 ipsum,
287 739 399 793 quod
420 739 668 781 acerbitatis
688 738 821 780 habet
841 738 1099 793 obiurgatio,
1125 737 1454 793 significandum

114 801 197 852 est,
234 799 369 853 ipsius
400 798 443 839 id
476 812 622 851 causa,
660 797 733 852 qui
765 797 1033 863 obiurgetur,
1071 811 1163 838 esse
1165 772 1454 852 &susceptum

113 857 294 899 Rectum
327 859 392 898 est
424 859 568 898 autem
600 856 731 898 etiam
762 857 807 897 in
837 856 926 896 illis
955 855 1313 908 contentionibus,
1346 869 1455 910 quae

113 931 209 958 cum
240 916 548 957 inimicissimis
581 916 705 969 fiunt,
744 915 914 956 etiamsi
945 914 1070 955 nobis
1102 914 1281 968 indigna
1313 914 1454 955 audia-

61 985 93 1011 15
113 989 220 1027 mus,
252 978 398 1015 tamen
430 974 690 1029 gravitatem
732 976 926 1022 retinere,
974 973 1237 1015 iracundiam
1283 972 1454 1027 pellere.

113 1029 230 1083 Q'ffae
269 1033 380 1074 enim
420 1048 515 1074 cum
560 1033 705 1087 aliqua
746 1031 1072 1087 perturbatione
1115 1032 1241 1085 fiunt,
1287 1046 1336 1073 ea
1379 1045 1455 1072 nec

113 1095 361 1134 constanter
398 1092 491 1132 fieri
528 1094 711 1146 possunt
746 1105 882 1145 neque
920 1090 991 1144 iis,
1039 1090 1111 1144 qui
1150 1090 1324 1144 adsunt,
1361 1104 1455 1145 pro·

112 1151 218 1193 bari.
267 1150 471 1192 Deforme
497 1150 628 1191 etiam
655 1152 720 1191 est
746 1150 796 1191 de
823 1163 867 1191 se
898 1149 1040 1203 ipsum
1072 1149 1318 1204 praedicare
1343 1148 1456 1190 falsa

113 1210 367 1265 praesertim
400 1212 442 1251 et
473 1224 569 1251 66111
602 1209 805 1250 inrisione
843 1208 1109 1250 audientium
1145 1208 1310 1249 imitari
1347 1208 1456 1248 mili·

61 1280 94 1305 *ο
113 1273 201 1311 16111
235 1269 483 1324 gloriosum.

201 1327 259 1369 Et
291 1328 493 1382 quoniam
526 1327 671 1369 omnia
697 1327 1003 1382 persequimur,
1036 1326 1234 1368 volumus
1268 1326 1438 1380 quidem
1462 1322 1527 1387 1⁰¹8

114 1389 245 1440 certe,
283 1386 506 1428 dicendum
538 1389 603 1428 est
641 1386 790 1439 etiam,
830 1386 1002 1440 qualem
1033 1385 1221 1426 hominis
1253 1384 1456 1426 honorati

114 1448 157 1487 et
188 1445 394 1501 principis
427 1445 600 1487 domum
626 1445 796 1500 placeat
828 1458 932 1497 esse,
964 1444 1082 1486 66163
1113 1444 1212 1485 finis
1245 1446 1311 1485 est
1341 1458 1458 1498 usus,

114 1504 168 1545 ad
199 1519 324 1559 quem
363 1504 722 1546 accommodanda
753 1505 819 1544 est
856 1478 1107 1545 aedificandi
1145 1503 1375 1558 descriptio
1414 1506 1457 1544 et

60 1573 93 1599 25
112 1566 260 1605 tamen
286 1563 529 1604 adhibenda
548 1562 867 1605 commoditatis
887 1562 1197 1617 dignitatisque
1218 1561 1455 1617 diligentia.

113 1621 188 1664 Cn.
221 1621 413 1675 Octavio,
445 1622 517 1676 qui
548 1622 712 1677 primus
745 1636 795 1662 ex
826 1621 904 1662 illa
934 1621 1103 1662 familia
1134 1621 1283 1662 consul
1313 1620 1455 1662 factus

113 1683 196 1735 est,
227 1681 382 1723 honori
412 1680 545 1722 fuisse
578 1680 835 1735 accepimus,
873 1679 987 1734 quod
1016 1680 1284 1734 praeclaram
1315 1679 1456 1721 aedifi-

113 1742 253 1781 casset
289 1740 335 1781 in
371 1739 541 1781 Palatio
581 1743 624 1781 et
654 1739 826 1794 plenam
860 1738 1086 1794 dignitatis
1118 1738 1310 1792 domum,
1348 1753 1456 1793 quae

113 1813 209 1841 cum
241 1799 373 1854 vulgo
405 1792 627 1852 viseretur,
659 1798 898 1853 suffragata
904 1776 1109 1851 0domino,
1140 1811 1252 1839 novo
1279 1771 1457 1851 liomini,

61 1869 94 1894 30
113 1857 167 1899 ad
216 1858 486 1900 consulatum
535 1832 820 1912 putabatur3D
836 1856 947 1898 hanc
991 1830 1174 1898 Scaurus
1225 1856 1456 1898 demolitus

114 1917 400 1958 accessionem
445 1916 639 1958 adiunxit
683 1916 870 1957 aedibus.
931 1914 1084 1969 Itaque
1127 1915 1202 1956 ille
1245 1915 1290 1956 in
1331 1927 1456 1957 suam

114 1975 287 2017 domum
313 1976 586 2018 consulatum
610 1974 776 2031 primus
803 1974 965 2027 attulit,
996 1973 1077 2028 hic,
1109 1973 1267 2015 summi
1299 1976 1342 2015 et
1371 1974 1457 2017 cla-

113 2034 273 2076 rissimi
303 2035 385 2076 viri
416 2034 543 2087 filius,
575 2034 620 2075 in
645 2034 819 2076 domum
845 2033 1179 2088 multiplicatam
1204 2047 1291 2074 non
1317 2032 1457 2088 repul-

114 2107 205 2134 sam
239 2093 379 2135 solum
410 2093 593 2147 rettulit,
625 2093 699 2134 sed
729 2092 1013 2148 ignominiam
1045 2091 1177 2133 etiam
1208 2094 1252 2133 et
1283 2091 1454 2133 calami-

59 2161 94 2187 85
113 2154 260 2194 tatem.
304 2151 506 2194 Ornanda
526 2152 640 2195 enim
660 2154 726 2193 est
746 2151 934 2207 dignitas
956 2150 1095 2205 domo,
1119 2165 1208 2192 non
1233 2164 1284 2194 ex
1311 2150 1436 2192 domo
1461 2161 1524 2192 139

112 2213 207 2252 tota
232 2212 484 2265 quaerenda,
509 2225 587 2253 nec
613 2211 739 2252 domo
767 2210 975 2264 dominus,
1004 2209 1078 2251 sed
1103 2209 1276 2251 domino
1304 2208 1454 2251 domus

53 2323 58 2327 Π
112 2269 381 2312 honestanda
411 2273 494 2325 est,
531 2272 593 2325 et,
629 2272 679 2311 ut
714 2270 758 2310 in
797 2269 949 2312 ceteris
986 2268 1184 2310 habenda
1221 2267 1334 2310 ratio
1368 2282 1456 2309 non

1479 1305 1526 1343 9
