1673 2505
357 87 637 123 POEMATUM.
664 87 707 122 H.
734 87 784 122 IV
809 98 832 122 a
856 99 889 122 v.
917 92 1113 123 397—466.
1322 89 1403 130 373

69 196 283 252 Iuppiter,
315 195 413 236 huic
444 209 624 250 parvum
656 194 857 237 inferiore
887 194 932 235 in
963 197 1086 249 parte
1118 194 1288 236 locavit.

68 255 185 297 Haec
216 256 362 295 tamen
394 255 567 295 aeterno
598 254 786 295 invisens
819 254 913 295 loca
945 253 1154 295 curriculo
1186 268 1270 294 nox

2 319 55 359 90
70 312 202 368 Signa
234 312 349 353 dedit
380 312 523 353 nautis
534 346 543 365 ,
576 312 717 354 cuncti
749 327 857 366 quae
887 326 1062 354 noscere
1094 314 1289 366 possent,

68 371 368 414 Conmiserans
400 371 623 412 hominum
655 371 904 412 metuendos
930 371 1116 425 undique
1143 384 1277 412 casus.
1339 381 1404 412 435

66 429 179 472 Nam
211 444 307 471 cum
338 429 578 483 fulgentem
610 443 755 470 cernes
788 429 879 470 sine
909 429 1095 470 nubibus
1128 429 1233 470 atris

67 489 202 530 Aram
233 488 312 529 sub
344 488 484 529 media
515 487 622 529 caeli
653 488 827 543 regione
860 489 1064 542 locatam,

68 547 106 588 A
138 561 306 588 summa
336 549 459 601 parte
492 546 674 587 obscura
706 546 889 601 caligine
921 549 1097 599 tectam,

1 611 51 650 95
68 605 175 646 Tum
208 605 361 646 validis
393 605 534 660 fugito
568 605 764 646 devitans
796 605 958 646 viribus
992 606 1218 659 Austrum3

68 663 202 713 Quem
235 664 271 704 si
302 663 565 718 prospiciens
598 663 802 704 vitaveris
836 664 979 705 omnia
1010 666 1132 705 caute
1338 675 1404 705 440

67 723 349 764 Armamenta
381 722 545 775 locans,
577 724 672 763 tuto
705 722 849 763 labere
881 737 956 777 per
987 722 1140 776 undas3

68 779 143 822 Sin
175 781 319 836 gravis
351 780 549 822 inciderit
579 781 822 822 vehementi
852 781 1025 821 flamine
1057 783 1230 835 ventus7

66 839 312 895 Perfringet
346 840 482 881 celsos
516 839 651 881 defixo
683 840 837 881 robore
870 840 1025 893 malos,

26 897 128 941 OUt
158 913 226 939 res
258 899 380 939 nulla
410 898 524 939 feras
556 898 695 953 possit
726 899 912 939 mulcere
943 899 1174 953 procellas,

65 957 124 999 Ni
154 959 279 1012 parte
312 972 361 998 ex
392 957 621 1011 Aquilonis
655 972 832 1012 opacam
865 957 1025 1011 pellere
1055 957 1211 998 nubem
1338 969 1403 999 445

68 1014 268 1070 Coeperit
301 1019 343 1057 et
376 1016 530 1057 subitis
563 1016 677 1057 auris
711 1016 923 1056 diduxerit
955 1015 1055 1057 Ara.

67 1072 141 1115 Sin
172 1089 342 1116 umeros
376 1075 514 1115 medio
546 1074 589 1116 in
624 1075 741 1115 caelo
774 1073 1058 1116 Centaurus
1090 1074 1268 1116 habebit

64 1132 246 1188 Ipseque
279 1133 474 1174 caerulea
506 1135 724 1174 contectus
755 1133 869 1173 nube
899 1133 1062 1174 feretur

27 1191 211 1246 5Atque
243 1191 378 1233 Aram
409 1191 528 1232 tenui
559 1191 750 1246 caligans
782 1191 938 1233 vestiet
969 1192 1139 1245 umbra,

67 1250 136 1291 Ad
169 1250 391 1305 signorum
423 1250 589 1292 obitum
620 1251 685 1291 vis
718 1252 783 1291 est
815 1250 1043 1292 metuenda
1072 1250 1247 1292 Favoni.
1338 1260 1405 1292 450

65 1308 147 1350 Ille
180 1312 323 1350 autem
356 1308 594 1351 Centaurus
626 1309 671 1350 in
703 1309 793 1350 alta
825 1309 922 1350 sede
954 1310 1139 1363 locatus,

67 1367 161 1416 Qua
193 1382 284 1409 sese
318 1368 481 1409 clarum
513 1368 739 1409 conlucens
772 1366 971 1422 Scorpios
1003 1368 1151 1421 infert,

65 1426 191 1468 Hunc
224 1427 372 1467 subter
403 1428 572 1482 partem
603 1428 886 1481 praeportans
916 1427 1009 1482 ipse
1040 1427 1209 1468 virilem

26 1484 190 1526 OCedit
222 1486 335 1539 Equi
367 1485 502 1540 partis
534 1500 770 1540 properans
803 1485 1060 1541 subiungere
1093 1485 1249 1528 Chelis.

65 1543 148 1586 Hic
169 1544 363 1585 dextram
383 1558 581 1599 porgens,
608 1544 834 1599 quadripes
856 1559 939 1598 qua
958 1547 1083 1586 vasta
1106 1547 1288 1599 tenetur,
1339 1556 1406 1587 455

66 1602 204 1651 Quam
234 1618 360 1644 nemo
394 1606 509 1644 certo
543 1603 719 1644 donavit
749 1603 921 1644 nomine
954 1602 1149 1657 Graium,

66 1661 221 1703 Tendit
254 1664 296 1702 et
327 1662 555 1703 inlustrem
585 1662 853 1703 truculentus
886 1662 1024 1703 caedit
1057 1662 1110 1704 ad
1139 1662 1285 1704 Aram.

124 1720 207 1762 Hic
239 1735 331 1762 sese
361 1720 539 1762 infernis
573 1735 594 1761 e
626 1721 822 1775 partibus
855 1721 984 1776 erigit
1015 1721 1188 1776 Hydra

25 1779 296 1834 5Praecipiti
326 1779 452 1834 lapsu
482 1779 590 1820 flexo
624 1795 719 1821 cum
751 1794 928 1834 corpore
961 1795 1146 1834 serpens.

64 1838 182 1880 Haec
207 1840 335 1893 caput
362 1841 490 1892 atque
517 1839 662 1880 oculos
689 1841 894 1892 torquens
921 1839 975 1880 ad
999 1841 1123 1894 terga
1142 1837 1282 1894 Nepai
1337 1850 1407 1881 460

65 1896 350 1951 Convexoque
383 1898 479 1938 sinu
511 1897 683 1938 subiens
715 1897 884 1938 inferna
914 1897 1069 1939 Leonis

66 1954 328 1997 Centaurum
360 1956 445 1997 levi
477 1956 690 2011 contingit
720 1956 887 1997 lubrica
918 1957 1069 2011 cauda,

63 2014 116 2056 In
147 2014 371 2069 medioque
404 2015 500 2056 sinu
530 2015 701 2070 fulgens
734 2014 948 2056 Cratera
977 2016 1151 2057 relucet.

24 2073 316 2115 OExtremam
347 2074 490 2115 nitens
522 2074 717 2128 plumato
751 2088 927 2128 corpore
960 2073 1152 2116 Corvus

65 2131 225 2174 Rostro
258 2132 419 2187 tundit,
451 2135 494 2174 et
525 2133 594 2174 hic
627 2131 818 2174 Geminis
852 2135 917 2174 est
947 2133 1021 2174 ille
1053 2133 1132 2174 sub
1164 2133 1269 2188 ipsis
1338 2144 1406 2176 465

65 2191 179 2232 Ante
213 2190 391 2246 Canem,
423 2190 553 2233 Graio
586 2191 781 2246 Procyon
813 2191 885 2245 qui
914 2192 1087 2234 nomine
1118 2191 1266 2233 fertur.

160 2317 201 2352 V.
223 2321 292 2352 454
307 2328 371 2361 sq.,
398 2322 464 2353 457
481 2329 545 2363 sq„
573 2323 757 2354 463-466
786 2320 857 2355 Cic.
885 2319 933 2354 N.
960 2320 1008 2354 D.
1035 2320 1087 2354 ΙΙ
1107 2323 1163 2354 44.
1189 2323 1268 2355 114.
