1673 2505
41 433 57 458 5

25 726 56 750 10

23 1017 54 1043 15

21 1309 54 1335 20

0 1591 54 1629 '25

21 1896 53 1923 80

21 2188 53 2215 35

405 76 706 113 ORATIONUM.
733 77 774 112 A.
801 77 851 112 IX
877 78 1080 114 ARG.-4.
1328 79 1410 120 261

135 182 270 226 Cicero
283 183 328 224 in
341 184 584 236 expositione
596 185 857 227 consiliorum
875 198 1042 227 suorum
1060 185 1274 238 siginificat.
1306 187 1415 228 Eius

133 255 285 295 quoque
309 243 612 297 coniurationis,
643 257 745 295 quae
770 243 885 285 Cotta
910 247 947 284 et
973 244 1176 296 Torquato
1202 257 1296 285 coss.
1322 248 1415 286 ante

133 313 300 350 annum,
332 313 456 352 quam
485 300 580 341 haec
611 302 847 352 dicerentur,
877 302 989 354 facta
1019 306 1077 344 est
1106 316 1133 343 a
1165 301 1348 344 Catilina
1380 306 1416 344 et

133 358 298 408 Pisone,
330 359 468 412 arquit
497 359 560 400 M.
593 359 789 402 Crassum
819 364 1021 402 auctorem
1049 361 1188 412 fuisse.

164 418 201 458 2.
234 415 368 465 Quem
401 417 513 458 enim
546 420 620 459 auin
652 419 833 460 amicum
872 421 1018 474 potest
1054 419 1211 461 habere
1249 419 1304 473 is,
1343 420 1414 474 qui

75 478 141 517 tot
167 475 278 517 cives
304 475 547 530 trucidavit,
580 479 654 517 aut
680 478 860 518 clientem
885 479 931 531 is,
964 477 1036 532 qui
1061 478 1106 519 in
1132 493 1209 520 sua
1240 478 1414 520 civitate

75 549 170 576 eum
194 534 422 589 peregrino
449 535 624 590 negavit
651 550 695 576 se
721 536 876 577 iudicio
905 551 1039 590 aequo
1067 539 1231 578 certare
1259 537 1414 592 posse?

220 592 437 646 Siqnifzcat
456 592 693 643 Catilinam,
719 607 810 635 cum
835 596 880 636 in
899 594 1087 637 Sullanis
1103 596 1296 649 partibus
1311 597 1415 647 fuis-

131 653 199 704 set,
229 651 441 692 crudeliter
469 652 619 703 fecisse.
669 652 929 694 Nominatim
960 655 1082 695 etiam
1105 657 1248 707 postea
1280 654 1415 696 Cicero

132 710 240 763 dicit,
270 723 369 762 quos
399 711 595 764 occiderit,
628 710 672 762 Q.
705 710 938 762 Caecilium,
969 712 1032 753 M.
1061 712 1335 767 Volumnium,
1365 713 1415 754 L.

135 768 375 810 Tanusium.
437 769 500 810 M.
538 770 660 810 etiam
697 770 817 811 Mari·
854 769 1114 820 Gratidiani,
1156 784 1311 813 summe
1339 785 1415 824 po-

128 827 292 879 pularis
321 826 508 880 hominis,
540 829 611 880 qui
641 828 687 870 ob
718 830 764 870 iel
792 829 852 870 bis
874 833 1044 882 praetor
1072 829 1166 883 fuit,
1197 833 1320 883 eaput
1349 830 1415 871 ab·

131 886 279 927 scisum
312 899 386 938 per
420 886 559 928 urbem
596 900 672 928 sua
708 901 838 928 manu
874 887 1058 929 Catilina
1098 889 1266 938 tulerat,·
1311 890 1418 942 quod

132 944 283 985 crimen
325 945 487 997 saepius
529 946 566 986 ei
603 949 686 986 tota
722 947 906 988 oratione
942 947 1069 988 obicit.
1131 947 1291 988 Fuerat
1324 961 1414 989 vero

130 1002 196 1044 hic
222 1002 498 1045 Gratidianus
522 1007 616 1045 arta
641 1006 928 1047 necessitudine
953 1005 1137 1046 Ciceroni
1167 1007 1414 1048 coniunctus.

131 1061 324 1104 Clientem
355 1065 490 1103 autem
520 1066 640 1116 neqat
667 1063 811 1105 habere
826 1077 946 1116 posse
971 1063 1012 1106 C.
1032 1064 1284 1115 Antonium,·
1303 1063 1414 1106 'nam

131 1121 167 1162 is
203 1120 350 1162 multos
392 1121 438 1162 in
473 1121 637 1162 Achaia
679 1123 923 1174 spoliaverat
963 1125 1107 1164 nactus
1150 1123 1197 1164 de
1239 1125 1415 1164 exercitu

130 1178 303 1221 Sullano
334 1180 512 1232 equitum
544 1183 711 1222 turmas.
765 1180 925 1222 Deinde
956 1180 1114 1231 Graeci,
1148 1183 1220 1234 qui
1249 1182 1416 1235 spoliati

130 1241 263 1290 erant,
302 1238 526 1280 eduxerunt
560 1239 790 1280 Antonium
827 1240 872 1280 in
908 1240 974 1281 ius
1010 1241 1067 1281 ad
1101 1240 1164 1281 M.
1195 1241 1415 1282 Lucullum

127 1300 370 1349 praetorem,
401 1298 473 1349 qui
502 1298 568 1339 ius
597 1299 704 1339 inter
727 1299 962 1352 pe2·eqi·inos
992 1298 1157 1340 dicebat.
1211 1299 1314 1352 Eqit
1335 1313 1415 1352 pro

133 1354 301 1397 Graecis
333 1354 376 1398 C.
409 1355 560 1398 Caesar
597 1357 719 1398 etiam
756 1361 841 1398 tum
879 1357 1218 1408 adulescentulus,
1255 1359 1301 1399 de
1338 1372 1414 1411 quo

123 1415 252 1467 paulo
283 1417 376 1455 ante
406 1416 647 1457 mentionem
678 1416 859 1468 fecimus.
919 1416 980 1457 Et
1009 1429 1100 1457 eum
1130 1416 1328 1458 Lucullus
1359 1418 1413 1468 id,

130 1474 236 1526 quod
255 1472 403 1515 Graeci
424 1474 698 1528 postulabant,
724 1475 962 1525 decrevisset,
988 1476 1209 1528 appellavit
1229 1476 1414 1517 tribunos

131 1532 340 1574 Antonius
369 1533 598 1586 iuravitque
627 1547 668 1575 se
698 1535 744 1575 id
772 1534 911 1585 forum
941 1535 1117 1588 eiurare,
1154 1535 1261 1586 quod
1288 1548 1414 1587 aequo

131 1591 220 1633 iure
249 1592 312 1632 uti
341 1604 424 1632 non
447 1595 592 1645 posset.
647 1592 763 1633 Hinc
792 1593 1022 1634 Antonium
1056 1592 1214 1634 Gellius
1244 1596 1282 1634 et
1310 1593 1413 1635 Len-

131 1650 240 1692 tulus
276 1663 452 1692 censores
488 1651 677 1692 sexennio
721 1655 830 1704 ante,
873 1665 997 1704 quam
1039 1651 1134 1693 liaee
1177 1653 1413 1707 dicerentur,

129 1711 274 1750 senatu
303 1713 513 1750 moverunt
542 1723 760 1763 causasque
790 1710 1120 1764 subscripserunt,
1153 1712 1260 1763 quod
1288 1712 1414 1753 socios

130 1768 356 1822 diripuerit,
386 1769 494 1820 quod
522 1769 720 1810 iudicium
749 1770 957 1823 recusarit,
987 1771 1094 1822 quod
1114 1772 1282 1822 propter
1306 1771 1414 1812 aeris

130 1826 256 1868 alieni
291 1827 616 1881 maqnitudinem
640 1829 817 1881 praedia
847 1829 1098 1881 manciparit
1127 1828 1306 1881 bonaque
1336 1842 1413 1870 sua

129 1885 175 1926 in
198 1888 394 1939 potestate
422 1899 505 1927 non
536 1886 689 1928 habeat.

159 1944 197 1985 3.
217 1943 308 1986 Nec
328 1959 373 1986 se
398 1944 485 1986 iam
510 1947 604 1986 tum
625 1945 823 2001 respexit,
849 1960 944 1987 eum
968 1945 1235 2002 gravissimis
1256 1946 1412 1988 vestris

73 2002 252 2044 decretis
285 2004 438 2046 absens
469 2006 646 2045 notatus
680 2007 756 2046 est.

219 2061 402 2105 Catilina
426 2076 476 2105 ea:
497 2067 699 2116 praetura
723 2063 915 2115 Africam
933 2064 1193 2116 provinciam
1218 2063 1412 2113 obtinuit,·

129 2134 253 2173 quam
283 2135 374 2163 eum
394 2122 574 2175 qraviter
596 2126 786 2173 vexasset,
819 2123 939 2175 leqati
963 2122 1064 2174 Afri
1088 2123 1134 2164 in
1158 2125 1301 2164 senatu
1327 2123 1413 2164 iam

131 2183 217 2221 tum
246 2180 406 2223 absente
436 2181 507 2222 illo
538 2182 666 2234 questi
695 2185 801 2234 sunt,
835 2182 1061 2234 multaeque
1087 2194 1231 2235 qraves
1261 2184 1412 2223 senten-

130 2238 210 2280 tiae
240 2239 288 2280 de
318 2253 360 2281 eo
390 2240 436 2281 in
466 2243 610 2281 senatu
641 2241 769 2282 dictae
798 2244 904 2282 sunt.

158 2297 198 2338 4.
233 2296 286 2338 In
322 2298 488 2340 iudiciis
529 2301 689 2353 quanta
725 2299 791 2341 vis
829 2301 960 2354 esset,
1004 2299 1168 2353 didicit,
1213 2313 1308 2340 eum
1347 2301 1412 2339 est
