1673 2505
271 71 356 113 378
792 72 1091 108 FRAGMENTA

271 179 332 220 At
362 181 485 234 parte
518 194 567 221 ex
599 180 685 222 alia
716 180 842 222 claris
876 195 970 221 cum
1002 180 1167 221 lucibus
1200 183 1299 222 enat

272 237 405 279 Orion
435 238 594 279 umeris
627 241 669 279 et
700 239 790 279 lato
823 241 995 293 pectore
1025 238 1197 293 fulgens

270 296 329 337 Et
361 296 511 337 dextra
542 296 729 337 retinens
760 311 846 337 non
878 311 1045 338 cassum
1077 297 1250 338 luminis
1283 312 1438 340 ensem.
1539 310 1605 340 615

171 360 256 397 370
331 353 411 396 Sed
443 370 539 396 cum
571 355 620 396 de
651 355 779 396 terris
812 355 875 396 vis
909 358 974 396 est
1004 354 1221 409 patefacta
1251 355 1454 410 Leonis,

272 413 444 467 Omnia,
477 427 584 467 quae
617 412 777 455 Cancer
807 414 1027 468 praeclaro
1062 414 1214 454 detulit
1246 417 1360 468 ortu,

273 472 437 513 Cedunt
470 472 716 525 obscurata,
748 472 875 512 simul
907 472 971 513 vis
1004 486 1161 527 magna
1192 472 1367 526 Aquilai

272 530 453 571 Pellitur
486 545 534 571 ac
565 530 674 571 flexo
707 530 929 572 considens
962 545 1139 585 corpore
1170 530 1307 572 Nixus

271 589 362 629 lam
396 602 549 643 supero
581 588 715 630 ferme
748 589 949 643 depulsus
981 589 1141 630 lumine
1174 589 1301 643 cedit3
1539 601 1606 632 620

170 653 254 689 375
273 647 355 688 Sed
385 647 555 688 laevum
588 661 721 702 genus
755 650 882 702 atque
913 648 1139 688 inlustrem
1171 647 1328 702 linquit
1358 648 1404 689 in
1435 649 1524 690 alto

271 706 483 748 Plantam.
533 705 642 746 Tum
681 709 830 747 eontra
861 707 1051 747 exoritur
1082 707 1244 748 clarum
1276 709 1404 761 eaput
1434 707 1607 762 Hydrae

272 765 330 805 Et
360 763 499 818 Lepus
533 767 575 805 et
606 764 819 819 Procyon,
851 765 922 819 qui
955 779 1047 806 sese
1079 765 1264 807 fervidus
1295 765 1426 806 infert

271 823 385 864 Ante
419 822 596 877 Canem3
627 823 724 864 inde
758 822 885 865 Canis
919 824 1103 878 vestigia
1133 824 1273 878 prima
1304 824 1510 866 videntur.

328 880 428 923 Non
458 897 595 935 pauca
627 896 648 922 e
680 882 797 923 caelo
831 882 1045 936 depellens
1078 882 1202 937 signa
1232 885 1407 936 repente
1539 894 1606 925 625

172 945 257 982 380
272 940 478 981 Exoritur
509 940 698 995 pandens
730 941 929 981 inlustria
960 940 1123 982 lumina
1152 940 1326 996 Virgo.

273 998 395 1040 Cedit
427 999 544 1040 clara
574 998 699 1040 Fides
732 999 943 1053 Cyllenia,
975 999 1184 1055 mergitur
1214 1000 1327 1041 unda

270 1057 531 1112 Delphinus,
564 1058 692 1099 simul
725 1058 945 1113 obtegitur
977 1058 1154 1113 depulsa
1185 1056 1372 1113 Sagitta,

270 1117 414 1171 Atque
446 1115 552 1157 Avis
585 1117 638 1158 ad
670 1131 879 1158 summam
912 1118 1089 1158 caudam
1119 1117 1365 1171 primasque
1397 1117 1552 1159 recedit

270 1175 442 1229 Pinnas,
474 1177 517 1216 et
548 1189 730 1230 magnus
762 1176 923 1230 pariter
955 1175 1167 1217 delabitur
1199 1175 1362 1216 Amnis.
1539 1187 1606 1218 030

170 1238 252 1274 385
271 1234 351 1275 Hic
383 1232 531 1288 Equus
564 1249 588 1275 a
620 1234 758 1289 capite
790 1236 833 1275 et
864 1234 995 1290 longa
1027 1234 1187 1275 cervice
1219 1234 1406 1288 latescit3

269 1292 460 1348 Longius
494 1292 682 1334 exoritur
713 1293 800 1334 iam
833 1293 947 1334 claro
980 1307 1156 1347 corpore
1189 1307 1362 1346 serpens

271 1350 532 1405 Crateraque
564 1354 689 1392 tenus
721 1352 835 1392 lucet
867 1351 1124 1392 mortalibus
1157 1351 1315 1405 Hydra.

270 1409 373 1450 Inde
404 1410 533 1464 pedes
566 1408 695 1451 Canis
728 1410 916 1450 ostendit
947 1410 1033 1451 iam
1065 1409 1324 1464 posteriores

269 1468 327 1508 Et
358 1471 458 1523 post
489 1469 580 1523 ipse
612 1468 748 1509 trahit
779 1469 894 1509 claro
927 1484 1021 1509 cum
1053 1468 1213 1509 lumine
1245 1468 1441 1523 puppim3
1538 1479 1605 1510 635

171 1532 255 1568 390
271 1527 516 1581 Insequitur
547 1527 696 1568 labens
728 1542 804 1582 per
837 1527 943 1568 caeli
974 1527 1138 1568 lumina
1167 1526 1319 1581 Navis,

270 1585 329 1626 Et
360 1600 456 1627 cum
487 1586 573 1626 iam
605 1588 698 1627 toto
730 1586 941 1640 processit
972 1600 1148 1641 corpore
1177 1584 1337 1640 Virgo,

269 1644 388 1685 Haec
419 1645 605 1685 medium
637 1645 825 1686 ostendit
856 1645 1022 1685 radiato
1055 1644 1203 1699 stipite
1234 1645 1407 1686 malum.

329 1703 389 1744 At
421 1717 515 1745 cum
548 1703 782 1757 procedunt
815 1703 994 1744 obscuro
1027 1718 1204 1757 corpore
1236 1702 1438 1756 Chelae,

270 1761 440 1803 Existet
471 1763 634 1817 pariter
665 1762 790 1817 larga
821 1777 916 1803 cum
947 1762 1040 1803 luce
1070 1761 1248 1815 Bootes,
1537 1772 1605 1803 640
1672 1809 1673 1815 ¹

172 1826 254 1863 395
274 1820 402 1862 Cuius
433 1821 479 1862 in
511 1821 737 1862 adversum
769 1823 834 1862 est
865 1820 1075 1862 Arcturus
1108 1835 1284 1875 corpore
1315 1820 1441 1874 fixus,

270 1879 463 1934 Totaque
495 1880 581 1921 iam
615 1895 769 1935 supera
798 1880 969 1934 fulgens
1001 1879 1243 1934 prolabitur
1274 1878 1412 1934 Argo3

269 1938 502 1993 Hydraque
536 1939 649 1993 quod
680 1939 767 1980 late
799 1939 915 1980 caelo
949 1938 1140 1993 dispersa
1170 1940 1357 1991 tenetur,

270 1997 471 2039 Nondum
503 2000 597 2039 tota
628 2000 766 2052 patet,
796 2012 896 2038 nam
929 1997 1106 2038 caudam
1138 1997 1329 2052 contegit
1360 1997 1523 2038 umbra.

269 2057 549 2109 Awgyuitewcws
579 2060 715 2098 autem
744 2060 937 2098 renovata
969 2057 1052 2097 luce
1080 2057 1258 2109 refulyet.
1539 2065 1604 2097 645
1667 2097 1670 2112 Ι,

269 2114 362 2155 Iam
396 2115 591 2156 dextrum
625 2129 758 2170 genus
792 2117 834 2155 et
866 2115 1110 2156 decoratam
1141 2114 1301 2155 lumine
1334 2129 1478 2155 suram

169 2178 255 2214 40⁴5>
270 2173 414 2229 Erigit
445 2174 519 2215 ille
551 2188 708 2215 vacans
740 2174 919 2229 vulgato
950 2173 1122 2215 nomine
1153 2172 1307 2226 Nixus,

272 2234 352 2284 Qui
381 2232 504 2273 Fidis
533 2233 760 2274 Areada‘eae
789 2246 942 2286 semper
972 2233 1149 2285 confinia
1180 2233 1330 2285 tanyz't;

270 2290 404 2340 Quem
436 2294 561 2332 nocte
595 2291 829 2333 extinctum
862 2294 990 2347 atque
1022 2293 1217 2331 exortum
1250 2290 1433 2332 vidimus
1464 2306 1566 2345 una,
