1663 2490
197 48 252 88 58
719 46 782 81 DE
809 47 1005 82 OFFICIIS

195 156 329 211 igitur
360 156 405 196 in
437 155 562 197 malis
593 155 674 196 hoc
705 157 850 196 tamen
882 155 983 196 boni
1016 156 1199 197 assecuti
1237 156 1446 210 videmur,
1482 159 1531 198 ut

196 229 246 256 ea
288 214 442 256 litteris
488 214 803 267 mandaremus,
847 228 955 267 quae
991 228 1068 255 nec
1112 216 1234 255 erant
1278 215 1384 255 satis
1427 218 1531 256 nota

194 274 355 314 nostris
400 275 442 314 et
485 275 608 314 erant
650 272 895 327 cognitione
939 272 1202 327 dignissima.
1271 272 1380 321 Quid
1418 273 1530 315 enim

196 334 278 385 est,
310 346 386 386 per
418 331 535 385 deos,
568 331 802 385 optabilius
835 330 1063 385 sapientia,
1096 331 1196 385 quid
1226 331 1530 386 praestantius,

196 390 297 444 quid
340 390 503 432 homini
546 389 720 443 melius,
770 389 871 443 quid
920 389 1091 431 homine
1135 390 1335 445 dignius?
1408 389 1530 432 Hanc
1567 403 1583 428 5

194 449 329 504 igitur
362 449 434 503 qui
466 450 681 502 expetunt,
713 447 962 502 philosophi
992 448 1280 503 nominantur,
1310 463 1387 490 nec
1419 449 1531 503 quic-

195 522 324 562 quam
351 507 466 549 aliud
493 509 557 548 est
581 506 869 561 philosophia,
901 506 937 547 si
962 506 1238 562 interpretari
1264 507 1382 561 velis,
1413 522 1531 562 prae-

193 569 260 607 ter
299 566 487 607 studium
525 565 771 620 sapientiae.
840 563 1059 619 Sapientia
1102 568 1244 607 autem
1288 569 1371 620 est,
1414 569 1463 607 ut
1507 581 1532 607 a

192 625 408 667 veteribus
441 623 709 679 philosophis
742 623 963 665 definitum
994 626 1076 676 est,
1117 638 1259 665 rerum
1292 625 1531 669 divinarum

194 687 236 725 et
280 684 563 724 humanarum
614 697 940 736 causarumque,
990 683 1142 736 quibus
1194 697 1266 724 eae
1317 697 1383 724 res
1434 698 1530 725 con·
1552 697 1585 721 10

192 743 400 795 tinentur,
439 741 633 795 scientia3
672 741 789 783 cuius
822 741 1009 782 studium
1042 741 1115 795 qui
1146 741 1380 796 vituperat,
1417 742 1531 783 haud

194 815 296 842 sane
334 800 560 856 intellego,
599 799 801 854 quidnam
840 800 914 854 sit,
956 800 1069 854 quod
1100 800 1361 841 laudandum
1397 803 1531 855 putet.

151 868 164 877 '
192 859 306 901 Nam
363 859 452 901 sive
515 859 745 900 oblectatio
809 858 1027 913 quaeritur
1089 859 1220 900 animi
1280 859 1531 913 requiesque

192 933 407 972 curarum,
459 933 566 972 quae
617 917 800 959 conferri
844 932 939 958 cum
983 931 1130 959 eorum
1174 917 1326 958 studiis
1375 921 1532 973 potest,

192 977 265 1031 qui
309 991 476 1031 semper
520 976 682 1030 aliquid
726 976 973 1030 anquirunt,
1018 976 1130 1030 quod
1174 979 1339 1031 spectet
1382 979 1424 1018 et
1461 992 1530 1018 va-
1552 988 1584 1014 15

191 1036 280 1077 leat
324 1036 376 1077 ad
420 1036 525 1076 bene
577 1036 786 1089 beateque
835 1035 1092 1076 vivendum?
1142 1035 1230 1077 sive
1279 1035 1390 1076 ratio
1436 1050 1531 1076 con-

193 1094 377 1136 stantiae
427 1094 684 1148 virtutisque
729 1093 916 1148 ducitur,
966 1097 1041 1135 aut
1083 1094 1187 1135 haec
1232 1108 1301 1135 ars
1348 1096 1413 1134 est
1456 1098 1532 1135 aut

192 1154 313 1195 nulla
342 1153 527 1207 omnino,
559 1167 634 1207 per
667 1167 795 1207 quam
821 1167 892 1194 eas
925 1167 1213 1206 assequamur.
1263 1151 1441 1194 Nullam
1474 1153 1532 1193 di—

192 1227 285 1254 cere
319 1226 614 1253 maxumarum
646 1225 789 1252 rerum
822 1213 958 1252 artem
991 1225 1094 1265 esse,
1128 1226 1224 1253 cum
1257 1211 1531 1252 minimarum

193 1271 282 1312 sine
321 1273 412 1311 arte
448 1270 569 1311 nulla
607 1270 680 1324 sit,
717 1270 940 1311 hominum
979 1273 1044 1311 est
1081 1284 1232 1324 parum
1265 1270 1530 1311 considerate
1551 1282 1583 1307 20

193 1330 460 1384 loquentium
504 1331 632 1382 atque
674 1328 720 1369 in
761 1328 972 1370 maxumis
1011 1329 1138 1369 rebus
1176 1328 1422 1370 errantium.
1485 1327 1530 1369 Si

192 1391 335 1430 autem
368 1390 434 1429 est
465 1388 611 1441 aliqua
642 1387 868 1442 disciplina
896 1387 1084 1441 virtutis,
1114 1387 1188 1428 ubi
1215 1401 1264 1428 ea
1289 1390 1529 1441 quaeretur,

192 1462 287 1489 cum
326 1447 379 1488 ab
417 1446 498 1488 hoc
536 1446 724 1487 discendi
762 1460 915 1501 genere
953 1445 1227 1487 discesseris?
1290 1444 1373 1487 Sed
1413 1446 1528 1499 haec,

190 1521 286 1548 cum
313 1506 366 1547 ad
392 1505 713 1560 philosophiam
739 1504 1026 1558 cohortamur,
1052 1504 1291 1546 accuratius
1317 1504 1529 1560 disputari

192 1565 349 1618 solent,
388 1563 501 1618 quod
538 1564 622 1604 alio
662 1563 845 1617 quodam
884 1563 995 1604 libro
1033 1563 1231 1617 fecimus3
1271 1563 1352 1605 hoc
1385 1566 1527 1605 autem
1549 1574 1582 1599 ‘25

190 1626 383 1678 tempore
421 1625 592 1664 tantum
628 1622 752 1663 nobis
793 1622 1095 1663 declarandum
1130 1621 1230 1675 fuit,
1275 1636 1350 1663 cur
1387 1622 1528 1664 orbati

191 1683 251 1723 rei
278 1682 474 1737 publicae
500 1681 746 1722 muneribus
772 1681 825 1722 ad
846 1681 928 1722 hoc
947 1695 1024 1722 nos
1045 1680 1234 1722 studium
1254 1681 1529 1735 potissimum

192 1741 534 1783 contulissemus.
598 1739 844 1782 Occurritur
876 1742 1018 1781 autem
1050 1739 1192 1793 nobis,
1225 1742 1268 1780 et
1300 1739 1471 1793 quidem
1505 1755 1527 1781 a

192 1800 327 1842 doctis
360 1802 403 1840 et
434 1799 612 1840 eruditis
645 1798 966 1853 quaerentibus,
999 1798 1159 1839 satisne
1191 1800 1439 1839 constanter
1469 1798 1528 1840 fa-

191 1873 283 1900 cere
315 1858 552 1912 videamur,
585 1857 674 1911 qui,
710 1872 804 1898 cum
836 1857 998 1912 percipi
1027 1856 1136 1898 nihil
1168 1871 1294 1911 posse
1327 1857 1528 1911 dicamus,
1549 1870 1582 1894 ³0

190 1921 335 1959 tamen
368 1919 410 1958 et
436 1916 531 1957 aliis
558 1916 608 1957 de
633 1916 760 1957 rebus
787 1916 993 1957 disserere
1020 1916 1233 1957 soleamus
1260 1918 1303 1956 et
1328 1915 1409 1957 hoc
1434 1916 1527 1970 ipso

190 1979 382 2030 tempore
414 1977 644 2030 praecepta
670 1974 799 2016 officii
824 1989 1140 2030 persequamur.
1185 1973 1346 2022 Quibus
1373 1975 1528 2016 vellem

191 2035 296 2076 satis
329 2034 501 2088 cognita
533 2036 645 2075 esset
670 2036 819 2075 nostra
846 2033 1068 2074 sententia.
1118 2031 1217 2074 Non
1243 2033 1356 2074 enim
1382 2047 1528 2074 sumus

189 2093 232 2148 ii,
259 2108 438 2147 quorum
459 2095 640 2147 vagetur
666 2092 832 2133 animus
859 2107 1000 2133 errore
1026 2106 1103 2133 nec
1128 2092 1287 2133 habeat
1312 2107 1528 2146 umquam,

191 2152 292 2207 quid
324 2154 538 2205 sequatur.
600 2150 716 2199 Quae
754 2151 867 2192 enim
906 2153 1018 2192 esset
1049 2151 1134 2192 ista
1166 2165 1285 2192 mens
1318 2151 1386 2192 vel
1420 2165 1528 2205 quae
1548 2162 1580 2187 ³⁵

190 2211 280 2252 vita
316 2210 461 2266 potius
498 2225 584 2251 non
619 2210 745 2251 modo
778 2209 1041 2264 disputandi,
1078 2209 1151 2250 sed
1191 2209 1320 2250 etiam
1358 2209 1527 2250 vivendi

190 2269 355 2311 ratione
383 2269 583 2310 sublata?
629 2268 720 2310 Nos
748 2271 902 2322 autem,
933 2271 981 2309 ut
1007 2268 1138 2309 ceteri
1164 2268 1250 2309 alia
1281 2270 1410 2322 certa,
1443 2267 1528 2309 alia
