1663 2490
409 47 499 84 LIB.
525 48 553 83 I.
593 47 692 83 CAP.
722 53 869 84 11—13.
908 52 927 90 ξ
952 52 1102 84 35-40.
1375 53 1430 91 15

88 155 310 211 proposita
342 155 484 211 gloria
514 157 592 209 est,
624 155 765 197 minus
797 155 947 198 acerbe
980 155 1166 221 gerenda
1197 159 1308 199 sunt.
1364 156 1426 200 Ut

88 214 200 256 enim
245 228 341 255 cum
385 213 466 255 civi
510 214 637 255 aliter
681 214 995 267 contendimus,
1039 214 1076 255 si
1115 217 1181 255 est
1217 215 1428 269 inimicus,

87 272 223 325 aliter,
255 272 291 313 si
323 272 580 327 competitor
611 271 726 327 (cum
759 273 894 315 altero
927 275 1145 315 certamen
1175 273 1352 316 honoris
1384 278 1428 316 et

87 331 312 387 dignitatis
345 334 428 384 est,
464 346 560 373 cum
593 332 730 373 altero
762 332 915 387 capitis
949 334 992 373 et
1028 330 1201 387 famae),
1240 333 1300 374 sic
1331 347 1426 375 cum

48 398 66 428 5
87 388 330 443 Celtiberis,
362 404 458 431 cum
485 388 671 432 Cimbris
697 391 859 433 bellum
888 393 936 432 ut
968 405 1063 432 cum
1094 391 1279 433 inimicis
1311 405 1428 447 gere-

86 449 232 502 batur,
270 451 366 490 uter
403 451 532 502 esset,
575 463 662 490 non
700 452 795 490 uter
831 450 1081 504 imperaret,
1120 464 1216 491 cum
1247 449 1428 505 Latinis,

87 482 270 562 Sabinis,
302 505 579 560 Samnitibus,
610 507 783 562 Poenis,
814 508 979 562 Pyrrho
1012 508 1062 549 de
1094 508 1275 563 imperio
1308 509 1427 551 dimi-

85 566 276 608 cabatur.
329 565 463 607 Poeni
493 566 740 622 foedifragi,
778 567 960 608 crudelis
993 566 1232 621 Hannibal,
1272 568 1427 622 reliqui

84 625 297 666 iustiores.
357 624 514 680 Pyrrhi
552 625 722 680 quidem
764 625 813 666 de
855 626 1037 681 captivis
1082 626 1306 668 reddendis
1350 628 1430 668 illa

32 696 66 721 io
85 684 328 738 praeclara:

143 741 246 784 Nec
266 742 332 783 mi
353 757 528 784 aurum
548 757 706 798 posco
725 757 814 785 nec
835 743 898 784 mi
918 745 1141 798 pretium
1162 744 1430 799 dederitis,

143 800 246 843 Nec
284 804 633 857 cauponantes
671 802 881 855 bellum,
926 802 1012 844 sed
1049 803 1429 858 belligerantes

143 859 317 914 Ferro,
347 875 446 902 non
478 875 600 902 auro
632 860 791 902 vitam
823 875 1086 903 cernamus
1117 862 1336 916 utrique.

143 917 313 960 Vosne
344 919 473 960 velit
504 934 564 961 an
596 934 668 960 me
699 933 915 975 regnare
949 935 1049 974 era,
1083 920 1266 974 quidve
1291 920 1429 962 ferat

1108 977 1250 1033 Fors,

31 1047 64 1073 15
143 1034 353 1077 Virtute
398 1037 732 1091 experiamur.
805 1036 869 1078 Et
912 1036 1004 1078 hoc
1054 1037 1206 1079 simul
1257 1038 1428 1093 accipe

1040 1095 1250 1138 dictum:

143 1151 362 1201 Quorum
393 1153 578 1195 virtuti
610 1154 738 1195 belli
770 1153 982 1196 fortuna
1012 1155 1262 1209 pepercit,

140 1211 431 1254 Eorundem
463 1213 704 1254 libertati
737 1227 810 1254 me
842 1227 1050 1268 parcere
1082 1217 1276 1255 certum
1308 1217 1397 1256 est.

141 1270 306 1326 Dono,
338 1271 526 1327 ducite,
564 1271 725 1326 doque
757 1272 1054 1314 volentibus
1088 1287 1195 1314 cum
1227 1274 1425 1329 magnis

1160 1331 1248 1373 dis.

83 1388 261 1445 Regalis
300 1403 402 1430 sane
440 1391 483 1430 et
520 1389 651 1445 digna
687 1389 971 1431 Aeacidarum
1008 1404 1162 1445 genere
1200 1391 1426 1432 sententia.

30 1459 64 1484 2⁰
172 1448 318 1502 Atque
356 1447 486 1489 etiam
524 1449 561 1489 si
600 1448 702 1502 quid
740 1449 900 1504 singuli
940 1449 1209 1504 temporibus
1254 1449 1425 1492 adducti

83 1506 200 1548 hosti
237 1507 545 1561 promiserunt,
583 1510 648 1548 est
685 1507 729 1548 in
768 1522 815 1548 eo
853 1508 947 1562 ipso
985 1507 1090 1549 fides
1122 1509 1425 1563 conservanda,

82 1568 131 1607 ut
160 1565 300 1620 primo
332 1564 492 1607 Punico
525 1566 640 1607 bello
673 1565 866 1622 Regulus
898 1569 1048 1621 captus
1082 1581 1106 1608 a
1137 1566 1293 1609 Poenis
1329 1582 1424 1609 cum

83 1624 133 1665 de
154 1624 337 1679 captivis
360 1624 875 1667 commutandis-Romam
901 1625 1057 1666 missus
1085 1628 1198 1667 esset
1223 1626 1425 1668 iurasset-

82 1697 163 1737 que
196 1697 240 1724 se
272 1683 521 1737 rediturum,
553 1684 751 1739 primum,
782 1687 831 1725 ut
861 1684 991 1738 venit,
1027 1685 1220 1739 captivos
1253 1685 1426 1727 redden-

30 1752 63 1779 25
83 1742 158 1784 dos
189 1741 234 1783 in
267 1745 418 1784 senatu
448 1757 536 1783 non
568 1743 750 1797 censuit,
782 1743 952 1796 deinde,
983 1757 1079 1784 cum
1111 1743 1368 1785 retineretur
1400 1759 1425 1786 a

81 1800 409 1856 propinquiset
441 1801 494 1842 ab
528 1801 694 1855 amicis,
727 1801 779 1843 ad
812 1801 1069 1856 supplicium
1100 1801 1238 1844 redire
1270 1803 1424 1844 maluit

83 1874 211 1914 quam
229 1860 357 1902 fidem
371 1860 489 1902 hosti
509 1860 655 1902 datam
671 1860 833 1902 fallere.
873 1859 1083 1913 [Secundo
1105 1863 1248 1902 autem
1261 1861 1421 1904 Punico
1449 1874 1491 1905 40

81 1919 196 1960 bello
227 1922 329 1974 post
359 1917 627 1961 Cannensem
658 1934 847 1975 pugnam
885 1934 991 1974 quos
1025 1919 1169 1961 decem
1201 1919 1422 1962 Hannibal

81 1976 264 2019 Romam
291 1978 494 2020 astrictos
521 1978 641 2020 misit
664 1979 756 2020 iure
783 1979 963 2020 iurando
997 1992 1040 2020 se
1072 1979 1286 2021 redituros
1319 1994 1423 2035 esse,

30 2045 61 2072 ³0
80 2037 164 2077 nisi
195 2037 246 2078 de
277 2037 533 2079 redimendis
565 2038 636 2092 iis,
675 2038 748 2092 qui
780 2037 896 2092 capti
928 2040 1067 2092 erant,
1103 2038 1423 2093 impetrassent,

82 2109 153 2137 eos
186 2110 333 2138 omnes
365 2111 582 2151 censores,
618 2097 758 2151 quoad
796 2096 974 2151 quisque
1007 2111 1153 2138 eorum
1184 2097 1310 2152 vixit,
1350 2098 1422 2152 qui

80 2154 362 2210 peierassent,
398 2155 443 2197 in
481 2155 656 2197 aerariis
694 2153 961 2210 'reliquerunt
997 2169 1074 2197 nec
1111 2155 1253 2197 minus
1285 2156 1421 2210 illum,

81 2213 153 2267 qui
183 2213 288 2255 iuris
319 2214 488 2256 iurandi
512 2214 661 2256 fraude
687 2215 858 2270 culpam
882 2215 1117 2256 invenerat.
1167 2213 1276 2257 Cum
1307 2215 1421 2257 enim

79 2270 338 2315 Hannibalis
374 2273 588 2328 permissu
624 2273 784 2316 exisset
820 2273 871 2316 de
908 2272 1080 2328 castris,
1122 2273 1250 2315 rediit
1289 2274 1419 2329 paulo

1444 1431 1494 1473 13

1451 1483 1494 1514 39
