1673 2505
426 381 508 445 [Μ.
547 381 734 427 TULLI
773 378 1121 443 CICERONIS]

665 482 879 524 ORATIO

609 562 772 598 PRIDIE
799 562 936 604 QUAM

516 634 579 677 IN
610 633 857 676 EXILIUM
888 635 1036 676 IRET.

69 744 86 768 5
195 728 239 771 Si
266 729 433 784 quando
460 728 727 770 inimicorum
753 729 962 795 impetum
988 729 1241 794 propulsare
1268 743 1316 770 ac
1347 743 1442 784 pro-

106 789 266 845 pellere
292 787 482 843 cupistis‚
515 787 726 829 defendite
749 802 862 829 nunc
887 788 1076 829 universi
1101 803 1244 854 unum,
1276 787 1361 842 qui,
1390 802 1443 828 ne

107 862 253 890 omnes
287 847 437 889 ardore
468 846 666 888 flammae
700 847 965 900 occideretis,
1033 847 1116 888 mei
1148 846 1302 902 capitis
1334 846 1444 901 peri-

106 907 202 949 culo
243 921 333 948 non
376 905 569 947 dubitavi
611 906 846 960 providere.
918 880 1050 960 N’am‚
1100 920 1226 960 quem
1269 905 1444 947 virtutis

90 965 248 1022 ‚gloria
278 980 373 1007 cum
405 979 572 1006 summa
604 964 728 1006 laude
761 964 814 1005 ad
851 965 1016 1006 caelum
1054 964 1225 1019 extulit,
1265 964 1444 1005 eundem

53 1037 87 1061 10
105 1024 377 1066 inimicorum
413 1023 575 1065 invidia
611 1023 908 1079 indignissime
947 1038 1199 1078 oppressum
1244 1022 1445 1078 deprimit

107 1083 160 1125 ad
186 1082 456 1138 supplicium.
493 1080 540 1138 Si
565 1082 1281 1137 liberumconceptamdulcedinem
1302 1082 1444 1123 animo

104 1142 316 1183 inclusam
349 1141 595 1194 continetis,
631 1141 766 1182 nolite
799 1155 847 1182 eo
879 1141 990 1182 velle
1022 1155 1182 1195 carere7
1215 1140 1287 1195 qui
1320 1141 1445 1182 caris-

106 1201 259 1243 simam
296 1202 487 1241 vestram
523 1199 864 1254 procreationem
910 1199 992 1240 sibi
1037 1214 1128 1241 esse
1172 1199 1303 1240 duxit.
1364 1199 1445 1240 Est

105 1259 219 1301 enim
256 1259 434 1300 liberale
473 1257 660 1300 officium
699 1273 838 1299 serere
881 1258 1152 1312 beneficium,
1194 1261 1243 1299 ut
1285 1261 1444 1299 metere

52 1330 85 1355 1⁵
105 1318 246 1373 possis
282 1317 490 1371 fructum3
527 1317 626 1359 fidei
663 1317 860 1359 conducit
890 1317 936 1358 in
967 1317 1061 1359 loco
1094 1317 1287 1359 debitum
1324 1317 1445 1359 retri-

105 1378 246 1419 buere.
306 1376 403 1418 Illic
441 1376 553 1418 enim
592 1376 724 1417 animi
760 1376 962 1417 voluntas
1000 1391 1217 1431 propensa
1254 1391 1445 1431 compro-

104 1436 251 1490 batur,
282 1435 352 1477 1110
384 1435 591 1476 memoria
623 1434 914 1476 conlaudatur.
976 1435 1146 1489 Itaque,
1179 1435 1215 1476 si
1247 1435 1444 1477 omnibus

106 1509 236 1550 grave
262 1494 412 1549 iugum
439 1494 659 1535 servitutis
686 1508 778 1535 esse
804 1494 930 1535 debet
954 1493 998 1534 in
1019 1494 1221 1535 libertate
1242 1494 1446 1548 educatis,

105 1554 162 1595 sit
192 1554 228 1594 is
260 1552 415 1594 vestris
449 1552 601 1594 animis
635 1552 976 1607 acceptissimus,
1015 1553 1088 1607 qui
1120 1568 1144 1594 a
1175 1556 1318 1594 vestro
1358 1568 1445 1595 cor-

52 1624 85 1649 20
103 1627 208 1668 pore
239 1612 388 1668 iugum
421 1611 744 1653 acerbissimum
775 1611 965 1666 reppulit
1002 1612 1234 1653 servitutis.
1294 1611 1371 1665 Et,
1409 1612 1446 1653 si

106 1671 290 1713 maiores
327 1670 461 1712 vestri
499 1685 570 1712 eos
607 1670 909 1725 imperatoreS,
952 1671 1024 1725 qui
1062 1671 1248 1712 militum
1286 1671 1445 1713 virtute

104 1730 295 1772 hostium
325 1729 548 1785 fregerunt
578 1728 782 1784 furorem,
811 1729 1115 1771 iucundissimo
1146 1730 1289 1772 fructu
1320 1731 1446 1772 liber-

104 1789 209 1831 tatis
248 1789 522 1830 reconciliato
560 1803 647 1830 non
679 1789 820 1830 solum
852 1788 1008 1830 statuis
1041 1789 1193 1844 dignos
1225 1792 1445 1844 putarunt,

104 1848 179 1890 sed
211 1848 341 1889 etiam
368 1850 542 1889 aeterna
566 1847 776 1903 triumphi
800 1848 925 1889 laude
952 1848 1217 1902 decorarunt,
1249 1851 1343 1889 tum
1367 1863 1445 1891 vos

51 1918 85 1943 25
105 1921 201 1949 eum
233 1907 463 1960 consulem,
496 1907 568 1961 qui
598 1921 684 1948 11011
716 1907 904 1948 militum
935 1907 1154 1961 praesenti
1181 1907 1445 1957 fortitudine,

104 1966 178 2008 sed
211 1980 288 2007 sua
321 1965 474 2006 eximia
500 1965 633 2007 animi
657 1966 818 2007 virtute
843 1966 1047 2007 hostilem
1075 1966 1232 2007 civium
1257 1969 1444 2008 mentem

105 2027 278 2066 senatus
300 2024 556 2066 auctoritate
576 2024 821 2078 vindicavit,
846 2025 1089 2066 existimate
1114 2025 1236 2067 vobis
1263 2025 1445 2067 retinen-

104 2085 203 2125 dum
237 2098 328 2125 esse
360 2083 405 2124 in
436 2083 622 2125 civitate.
673 2081 729 2139 Si,
762 2098 869 2138 quae
901 2084 1107 2126 beneficia
1138 2084 1320 2140 singulis
1347 2085 1444 2127 civi-
1470 2070 1495 2110 2

102 2143 182 2184 bus
214 2142 502 2197 privatimque
535 2143 708 2197 dantur,
746 2157 795 2184 ea
834 2143 973 2184 solent
1003 2143 1056 2184 iis
1089 2157 1181 2185 esse
1211 2143 1444 2197 fructuosa,

49 2213 82 2238 30
103 2217 128 2243 a
167 2201 320 2256 quibus
359 2204 460 2243 sunt
496 2201 707 2257 profecta,
747 2201 838 2243 iure
877 2204 920 2242 et
957 2202 1111 2243 merito
1149 2216 1326 2257 possum
1364 2217 1443 2258 ego

101 2275 179 2302 vos
213 2260 266 2302 ad
298 2260 587 2302 defensionem
618 2275 738 2302 meae
771 2260 924 2302 salutis
951 2261 1185 2315 adhortari,
1217 2276 1323 2315 quos
1350 2276 1445 2304 0011-

103 2319 271 2361 servavi
314 2319 548 2362 universos.
615 2319 726 2361 Nam
763 2334 900 2374 neque
938 2319 1075 2361 maius
1114 2322 1179 2361 est
1222 2320 1443 2362 defendere

1468 718 1486 756 l.

1472 767 1487 798 1

1470 2122 1492 2152 4
