1673 2505
619 44 681 89 IV,
706 45 750 79 V.
788 49 808 87 g
833 49 982 80 27—33.
1386 43 1470 85 207

126 153 354 210 profiteris,
387 166 494 207 quos
527 152 645 208 leges
678 152 805 194 exilio
838 152 961 194 adfici
990 151 1154 205 volunt,
1186 151 1330 192 exules
1357 154 1471 205 sunt,

127 212 298 254 etiamsi
324 211 465 253 solum
490 225 578 252 non
570 187 838 253 mutarunt.
882 211 963 265 An,
989 224 1085 252 cum
1112 223 1259 251 omnes
1286 212 1329 250 te
1350 209 1469 264 leges

128 271 294 313 exulem
334 284 427 312 esse
464 269 683 337 iubeant.
799 269 869 323 ,1-
907 269 1112 335 appellet·
1137 268 1353 321 inimicus,
1398 268 1470 321 qui

126 344 222 373 cum
253 329 342 370 telo
373 327 563 370 fuerit?
590 328 705 370 Ante
738 303 933 370 senatum
965 331 1041 370 tua
1079 326 1167 369 sica
1205 301 1470 381 deprebensa

74 402 89 426 5
126 391 204 430 est.
253 386 335 436 Qui
366 387 584 429 hominem
615 387 847 429 occiderit?
897 387 1112 428 Plurimos
1139 385 1344 428 occidisti.
1389 384 1470 433 Qui

125 446 366 488 incendium
397 445 576 488 fecerit?
637 446 769 487 Aedis
801 445 1101 501 Nympharum
1134 459 1264 487 manu
1296 447 1372 485 tua
1404 444 1470 485 de-

126 505 339 561 flagravit.
400 503 483 554 Qui
524 505 690 559 templa
733 504 1035 560 occupaverit?
1096 503 1147 546 In
1189 503 1284 545 foro
1329 505 1471 544 castra

125 564 321 619 posuisti.
372 562 454 605 Sed
487 563 588 618 quid
620 577 700 619 ego
729 578 975 606 communes
1008 564 1126 619 leges
1158 561 1350 618 profero,
1383 561 1471 616 qui·
1497 572 1540 603 32

125 622 205 664 bus
244 622 443 664 omnibus
487 637 533 664 es
577 622 703 664 exul?
764 621 1146 664 Familiarissimus
1190 624 1290 663 tuus
1335 620 1385 662 de
1428 623 1472 662 te

74 694 106 720 10
124 681 402 737 privilegium
421 681 537 733 tulit,
568 684 628 736 ut,
661 682 697 723 si
728 681 773 723 in
799 684 996 736 opertum
1022 682 1168 723 Bonae
1194 679 1310 722 Deae
1337 693 1473 722 acces-

126 740 270 795 sisses,
302 741 508 782 exulares.
561 740 622 782 At
652 743 695 782 te
726 740 770 782 id
800 740 951 783 fecisse
985 740 1115 782 etiam
1141 739 1320 795 gloriari
1347 739 1471 780 soles.

126 797 219 848 Quo
251 799 378 842 1110ᾶο
405 799 541 855 igitur
569 802 638 841 tot
663 799 833 855 legibus
858 799 1018 841 eiectus
1044 799 1090 840 in
1116 799 1290 840 exilium
1315 811 1474 839 nomen

126 858 263 900 exulis
300 873 387 900 non
425 858 745 914 perhorrescis?
807 858 990 900 ‘Romae
1030 856 1159 908 sum',
1200 856 1353 911 inquit.
1413 855 1473 897 Et

127 917 298 971 quidem
330 918 375 959 in
407 920 557 972 operto
590 917 719 958 fuisti.
768 917 868 959 Non
893 910 1040 973 iditur,
1070 917 1145 958 ubi
1173 916 1352 970 quisque
1379 916 1474 969 erit,

0 993 1 997 ¹
76 986 106 1012 1⁵
126 976 217 1017 eius
257 976 341 1018 loci
384 976 450 1021 ius
494 976 680 1030 tenebit,
725 976 760 1018 si
803 976 863 1017 ibi
909 991 1003 1017 eum
1048 975 1218 1031 legibus
1258 988 1350 1016 esse
1388 988 1474 1016 non

127 1035 360 1089 oportebit.

551 1173 960 1216 PARADOXON
990 1172 1042 1216 V.

231 1242 322 1287 Ὅτι
368 1243 505 1299 μόνος
542 1241 567 1287 ὁ
605 1242 748 1299 σοφὸς
791 1241 1026 1298 ἐλεύθερος
1068 1242 1142 1285 καὶ
1185 1245 1269 1295 πᾶς
1314 1242 1474 1299 ἄφρων

305 1305 478 1354 δοῦλος.

75 1399 107 1423 20
215 1386 434 1429 Laudetur
464 1401 565 1429 vero
596 1387 666 1428 1113
697 1387 934 1442 imperator
966 1388 1041 1427 aut
1074 1386 1204 1428 etiam
1231 1386 1474 1441 appelletur
1500 1373 1544 1454 ἐξ,

128 1448 203 1487 aut
238 1445 321 1488 1103
356 1445 530 1488 1101111113
568 1446 723 1502 dignus
761 1446 954 1500 putetur!
1006 1443 1098 1494 Quo
1134 1445 1261 1487 modo
1300 1448 1375 1487 aut
1407 1446 1474 1487 3111

126 1504 301 1546 tandem
326 1504 397 1546 1113
422 1504 559 1547 libero
584 1504 828 1559 imperabit,
855 1503 928 1559 qui
951 1518 1038 1546 non
1060 1506 1206 1559 potest
1232 1504 1475 1559 cupiditati-

126 1563 207 1605 bus
227 1564 315 1605 suis
336 1563 580 1619 imperare?
623 1563 826 1606 Refrenet
845 1562 1033 1618 primum
1058 1563 1271 1618 libidines,
1298 1566 1475 1619 spernat

76 1623 390 1718 2voluptates,
413 1622 680 1665 iracundiam
698 1624 857 1676 teneat,
886 1625 1081 1664 coerceat
1101 1622 1340 1677 avaritiam,
1361 1625 1475 1669 cete-

93 1693 199 1723 5ras
232 1681 365 1723 animi
395 1682 517 1724 labes
549 1682 753 1737 repellat,
784 1684 878 1722 tum
911 1681 1089 1736 incipiat
1121 1681 1219 1723 aliis
1251 1681 1475 1736 imperare,

128 1755 224 1782 cum
255 1741 355 1796 ipse.
378 1740 713 1796 improbissimis
745 1740 946 1793 dominis,
985 1740 1181 1782 dedecori
1212 1754 1259 1782 ac
1292 1740 1475 1795 turpitu-

129 1799 234 1853 dini,
271 1814 422 1857 parere
461 1799 653 1854 desierit3
692 1799 791 1841 dum
824 1799 995 1853 quidem
1026 1799 1094 1841 his
1136 1799 1351 1852 oboediet,
1387 1813 1475 1840 non

127 1858 255 1900 1110ᾶο
287 1858 535 1914 imperator,
568 1858 642 1900 sed
673 1858 783 1900 liber
813 1858 1036 1900 habendus
1070 1858 1243 1900 omnino
1268 1873 1355 1900 non
1381 1858 1474 1900 erit.

128 1916 354 1959 Praeclare
379 1917 493 1959 enim
519 1920 586 1959 est
610 1918 691 1959 hoc
721 1920 977 1972 usurpatum
1003 1932 1029 1958 a
1060 1917 1319 1959 doctissimis
1353 1915 1475 1972 (quo-

77 1986 110 2012 80
129 1991 225 2017 rum
257 1990 338 2032 ego
370 1976 628 2019 auctoritate
659 1990 747 2018 non
779 1979 933 2030 uterer,
965 1976 1001 2017 si
1033 1976 1140 2017 mihi
1166 1976 1279 2032 apud
1305 1976 1474 2031 aliquos

129 2037 323 2090 agrestes
360 2035 466 2077 haec
502 2035 702 2077 habenda
741 2038 854 2076 esset
892 2035 1052 2089 orati03
1092 2049 1190 2077 cum
1225 2049 1327 2077 vero
1360 2034 1475 2089 apud

128 2093 486 2148 prudentissimos
519 2095 685 2150 loquar,
717 2095 871 2149 quibus
903 2094 1008 2135 haec
1039 2093 1235 2136 inaudita
1262 2109 1350 2135 non
1376 2094 1475 2148 sint,

130 2166 204 2194 cur
240 2166 321 2208 ego
358 2153 559 2195 simulem
595 2167 682 2208 me,
726 2153 764 2195 si
802 2153 903 2208 quid
940 2153 985 2194 in
1021 2153 1090 2194 his
1128 2153 1281 2195 studiis
1319 2166 1475 2208 operae

130 2211 360 2268 posuerim,
390 2211 675 2267 perdidisse?)
708 2211 869 2257 dictum
901 2215 967 2254 est
997 2211 1132 2268 igitur
1158 2213 1212 2254 ab
1239 2211 1475 2254 eruditissi-

76 2280 110 2306 35
129 2270 212 2311 mis
236 2270 341 2312 viris
365 2271 450 2313 nisi
477 2271 715 2327 sapientem
747 2271 932 2313 liberum
964 2285 1066 2330 esse
1086 2271 1312 2313 neminem.
1364 2269 1474 2318 Quid
1500 2280 1543 2311 3⁴
