1673 2505
185 801 224 830 17

184 1211 224 1242 18

184 1814 223 1857 1ζ>

253 95 341 137 430
428 96 608 131 ORATIO
633 96 796 131 PRIDIE
823 96 960 137 QUAM
983 96 1035 131 IN
1060 97 1264 132 EXILIUM
1289 97 1411 133 IRET.

252 218 364 245 nunc
400 204 560 257 partim
598 204 651 245 ab
689 204 862 257 invidis,
902 204 1060 258 partim
1099 204 1153 245 ab
1190 204 1373 247 inimicis
1412 205 1588 247 circum-

253 267 406 303 ventus
437 262 639 317 indigne?
700 261 811 303 Huic
842 262 879 302 si
911 276 1035 317 opem
1065 277 1154 304 non
1183 263 1371 304 tuleritis
1403 263 1449 305 in
1479 265 1588 318 peri-

253 321 348 362 culo
376 321 539 375 capitis,
571 335 659 374 vos,
685 321 820 374 credo,
850 320 1089 362 retinebitis
1115 323 1303 363 vestram
1327 322 1586 377 libertatem,

254 379 327 433 qui
355 393 492 433 neque
523 381 693 420 tantum
730 379 883 420 valetis
915 379 1171 421 auctoritate
1200 394 1336 434 neque
1366 383 1586 422 tantorum

253 438 492 479 officiorum
516 438 739 493 inpensam
769 437 930 479 fecistis
965 438 1011 479 in
1038 438 1236 492 patriam.
1279 438 1387 480 Mihi
1417 439 1587 494 credite,
1623 451 1638 477 5

252 497 334 538 hoc
370 497 415 537 in
451 511 535 538 uno
572 496 889 538 incommodum
926 497 1223 538 confirmatum
1261 497 1496 539 multorum
1526 498 1588 539 in-

252 555 443 596 firmabit
467 554 808 609 incolumitatem
834 557 888 609 et,
914 555 950 596 si
975 555 1098 596 initio
1124 570 1211 596 non
1235 555 1316 596 erit
1339 556 1588 611 refutatum,

252 614 424 668 impune
463 614 516 654 ad
557 614 747 655 omnium
789 614 1019 668 perniciem
1062 614 1343 656 convalescet.
1403 614 1587 656 Proinde

253 674 327 713 aut
357 672 401 712 in
434 687 527 713 meo
559 672 747 727 periculo
780 672 963 714 salutem
994 673 1209 727 integram
1234 675 1451 727 praestate
1477 688 1588 715 com·

252 745 425 772 munem
451 733 525 772 aut
548 731 593 771 in
619 731 771 772 vestris
796 731 878 773 hoc
899 731 1012 772 idem
1032 733 1251 785 expectate
1271 731 1587 773 incommodum
1606 746 1641 770 10

251 789 447 831 fortunis.
508 789 646 831 Nemo
677 792 769 831 tam
799 790 967 844 perdita
998 790 1274 844 auctoritate,
1309 792 1401 831 tam
1432 791 1586 832 facine-

251 862 351 889 rosa
380 848 579 890 inventus
612 851 677 890 est
708 849 815 899 vita,
848 848 937 903 qui,
969 863 1064 890 cum
1096 849 1145 890 de
1178 849 1335 890 scelere
1365 848 1588 904 fateretur,

251 921 337 948 non
361 909 508 948 tamen
533 907 755 948 sententiis
775 907 894 962 prius
913 908 1099 949 iudicum
1120 907 1440 950 convinceretur
1459 922 1587 962 quam

252 966 459 1019 supplicio
493 966 768 1008 addiceretur.
829 966 922 1020 Ego
954 969 1128 1021 repente
1159 966 1201 1008 vi
1236 966 1467 1008 tribunicia
1498 981 1588 1008 cor-

251 1027 398 1078 reptus
434 1039 522 1066 non
558 1025 684 1066 modo
722 1025 923 1079 loquendi
960 1025 1093 1066 libere
1131 1025 1176 1066 in
1211 1025 1384 1079 iudicio,
1423 1024 1497 1066 sed
1533 1040 1586 1067 ne
1607 1037 1641 1062 15

251 1084 512 1125 consistendi
532 1084 701 1138 quidem
720 1084 765 1124 in
784 1084 957 1125 civitate
977 1084 1115 1126 habeo
1138 1086 1411 1138 potestatem.
1442 1083 1588 1125 Eicior

249 1157 337 1184 non
374 1143 515 1184 solum
554 1143 643 1184 sine
680 1145 808 1196 teste,
849 1143 939 1184 sine
976 1143 1130 1197 iudice,
1167 1144 1236 1184 sed
1272 1143 1362 1184 sine
1399 1143 1587 1197 crimine,

251 1201 340 1242 sine
374 1204 630 1255 accusatore,
663 1202 753 1243 sine
783 1202 912 1243 etiam
940 1202 1108 1243 scelere.
1153 1201 1363 1243 Hostibus
1389 1201 1434 1242 in
1458 1202 1587 1256 bello,

251 1260 323 1314 qui
355 1260 562 1301 dissident
590 1261 823 1313 voluntate,
855 1260 1059 1302 dimicant
1091 1261 1234 1314 armis,
1265 1261 1399 1301 vitam
1431 1261 1586 1302 cotidie

250 1322 518 1374 oppugnant,
554 1319 600 1360 in
629 1319 724 1373 ipsa
755 1319 843 1361 acie
875 1334 970 1361 cum
1001 1319 1285 1374 proeliantur,
1323 1319 1424 1360 licet
1456 1319 1586 1374 loqui,
1605 1330 1647 1367 2ο,

249 1378 350 1419 licet
389 1378 622 1432 disputare,
667 1378 773 1418 mihi
815 1378 859 1418 in
895 1392 1018 1432 pace,
1061 1378 1160 1430 civi,
1205 1378 1278 1432 qui
1321 1377 1586 1432 perditorum
1646 1398 1647 1404 ¹

249 1437 471 1478 hominum
501 1436 614 1491 fregi
644 1436 851 1490 furorem,
889 1451 966 1492 pro
1003 1436 1188 1478 fortunis
1227 1436 1332 1477 meis
1367 1437 1479 1491 apud
1509 1451 1586 1479 vos
1646 1489 1647 1492 Ἴ

249 1495 367 1550 loqui
398 1510 485 1537 non
515 1495 689 1537 licebit?
752 1494 888 1549 Servi,
924 1495 996 1550 qui
1028 1495 1082 1537 ad
1114 1495 1371 1550 supplicium
1402 1496 1586 1537 verberi·
1646 1504 1647 1507 ’

249 1555 329 1595 bus
361 1554 474 1596 caesi
504 1554 750 1608 trahuntur,
792 1554 904 1609 apud
941 1568 1012 1596 eos
1045 1568 1171 1608 saepe
1203 1554 1442 1609 disputant,
1479 1569 1585 1609 quos

248 1628 399 1655 necare
430 1613 676 1667 voluerunt3
708 1627 786 1668 ego
814 1613 1050 1654 consularis
1076 1613 1189 1668 apud
1214 1627 1285 1654 eos
1311 1627 1398 1654 non
1422 1613 1586 1668 loquar,
1605 1623 1639 1649 2⁵

251 1686 356 1726 quos
388 1672 664 1714 conservavi?
726 1671 911 1725 Tacebo,
944 1672 980 1713 si
1009 1686 1181 1713 necesse
1213 1674 1295 1722 est,
1325 1672 1495 1725 tacebo,
1526 1672 1586 1712 in-

251 1746 396 1785 quam,
429 1731 571 1772 animo
604 1745 759 1785 aequo,
792 1731 992 1784 quoniam
1024 1731 1160 1772 virtus
1192 1745 1287 1772 mea
1318 1745 1386 1772 me
1417 1733 1586 1773 tacente

252 1790 343 1845 agit
380 1805 519 1831 meam
557 1804 742 1832 causam.
803 1790 953 1844 ltaque
991 1792 1039 1831 ut
1074 1803 1153 1845 ego
1185 1789 1230 1830 in
1262 1789 1459 1831 contione
1490 1804 1586 1831 mea
1638 1807 1640 1809 ’

249 1849 358 1890 nihil
389 1864 546 1904 ponam
582 1849 631 1889 de
669 1848 774 1890 meis
811 1849 938 1889 rebus
978 1848 1129 1904 gestis,
1167 1850 1312 1890 tamen
1348 1848 1393 1889 in
1431 1848 1585 1889 animis

251 1908 501 1949 memoriam
516 1908 670 1949 vestris
685 1908 865 1963 largiter
889 1907 1147 1962 relinquam3
1165 1907 1240 1948 isti
1259 1907 1384 1949 modo
1401 1907 1586 1961 videant,
1605 1918 1620 1943 3

252 1982 334 2021 qua
371 1967 537 2008 ratione
574 1967 684 2009 hanc
714 1981 853 2008 meam
892 1969 1056 2007 mutam
1085 1966 1235 2022 fugam
1267 1967 1375 2007 ferre
1406 1966 1585 2021 possint.

249 2026 422 2067 Etenim
461 2026 497 2067 si
535 2041 560 2067 a
596 2041 681 2076 me,
720 2028 769 2067 ut
805 2025 880 2066 isti
917 2025 1181 2079 existimant,
1217 2024 1388 2067 Lentuli
1426 2025 1585 2066 mortui

251 2086 408 2139 sordes,
430 2085 466 2126 si
483 2084 693 2126 Catilinae
712 2084 963 2126 notissimus
981 2084 1113 2138 furor,
1134 2084 1170 2125 si
1189 2083 1377 2125 amentia
1391 2081 1585 2138 Cethegi,

251 2144 287 2185 si
317 2144 504 2185 luxuries
538 2159 586 2185 ac
619 2146 768 2198 stupra
794 2142 916 2185 Cassi
946 2158 1105 2198 poenas
1136 2145 1355 2198 repetunt,
1391 2141 1584 2196 profecto

248 2202 345 2244 istis
377 2203 484 2244 hora
514 2203 635 2244 nulla
667 2203 799 2244 eiecto
826 2202 968 2243 Tullio
994 2217 1128 2244 vacua
1153 2217 1178 2243 a
1202 2201 1390 2257 periculo
1420 2203 1494 2242 aut
1519 2211 1619 2242 ex-3

249 2262 490 2316 pectatione
522 2261 700 2316 periculi
730 2261 1004 2315 relinquetur.
1066 2260 1134 2302 Ita
1167 2262 1212 2301 in
1243 2261 1331 2301 dies
1362 2274 1449 2301 non
1478 2259 1584 2301 meis
1626 2271 1627 2274 ’

249 2321 428 2375 insidiis,
461 2335 568 2375 quae
598 2321 740 2362 nullae
774 2336 798 2361 a
829 2335 896 2361 me
927 2322 1145 2375 parantur,
1177 2319 1250 2360 sed
1282 2333 1455 2360 suorum
1486 2333 1585 2360 con-
1625 2351 1627 2355 .
