1673 2505
462 46 763 83 ORATIONUM.
789 47 832 82 A.
860 47 910 82 IX
938 52 1086 83 19-26,
1363 51 1447 93 267

166 154 203 196 ei
234 152 415 195 Catilina
446 154 678 206 obiceretur,
719 158 881 208 eratque
910 155 1104 198 absoluta.
1166 157 1283 199 Haec
1312 158 1449 200 Fabia

166 213 264 265 quia
305 225 419 254 soror
454 216 543 254 erat
580 214 791 254 Terentiae
827 212 1049 267 Ciceronis,
1092 215 1179 256 ideo
1222 216 1280 257 sic
1321 218 1448 259 discit:

167 270 312 312 ‘etiam
345 271 381 312 si
413 271 540 325 culpa
569 272 691 313 nulla
723 271 945 314 subesset’.
994 272 1066 313 Ita
1097 276 1135 314 et
1163 274 1250 315 suis
1271 278 1451 328 pepercit

166 332 204 370 et
228 329 357 370 nihilo
389 330 515 371 levius
547 331 711 371 inimico
742 332 894 372 summi
925 331 1126 383 obprobrii
1158 334 1450 385 turpitudinem

73 401 90 427 5
167 387 315 429 obiecit.

195 445 264 487 23.
296 460 391 487 cum
424 446 795 500 deprehendebare
827 447 872 488 in
904 447 1144 502 adulteriis,
1177 463 1272 490 cum
1305 450 1448 505 depre-

107 503 322 546 hendebas
362 504 580 546 adulteros
618 505 728 559 ipse,
766 520 861 546 cum
900 520 950 547 ex
989 506 1137 548 eodem
1175 510 1326 562 stupro
1368 509 1449 550 tibi

107 564 150 604 et
181 578 357 604 uxorem
390 566 433 604 et
463 564 598 604 filiam
630 564 844 605 invenisti.

252 622 421 664 Dicitur
452 622 676 664 Catilinam
713 623 959 664 adulterium
996 625 1240 666 commisisse
1271 639 1360 667 cum
1391 640 1449 680 ea,

56 695 88 721 ιο
164 694 267 734 quae
296 682 333 722 ei
355 684 498 734 postea
528 694 665 722 socrus
693 681 787 734 flacit,
819 685 856 722 et
884 695 932 723 ex
962 695 1004 723 eo
1035 686 1178 724 natam
1208 687 1347 736 stupro
1378 686 1449 727 du-

163 741 268 781 xisse
297 753 473 790 uxorem,
505 753 595 781 cum
625 740 716 792 filia
747 740 832 782 eius
862 743 969 782 esset.
1013 741 1106 782 Hoc
1129 742 1326 785 Lucceius
1355 758 1449 796 quo-

163 811 238 851 que
258 797 462 840 Catilinae
480 799 599 840 obicit
617 799 662 839 in
687 799 950 849 orationibus,
976 813 1078 852 quas
1103 801 1148 841 in
1167 814 1258 842 eum
1276 803 1448 855 scripsit.

164 857 349 898 Nomina
379 857 529 899 Icarum
560 858 778 898 mulierum
809 858 990 899 nondum
1021 859 1168 900 inveni,

194 916 262 957 24.
295 914 404 964 Quid
437 929 529 970 ego,
561 917 609 956 ut
640 915 869 957 violaveris
898 916 1176 971 provinciam,
1206 919 1448 972 praedicem

54 987 86 1013 15
106 977 257 1017 cuncto
284 975 444 1029 populo
471 974 667 1015 Romano
699 974 958 1016 reclamante
985 990 1034 1017 ac
1059 976 1316 1019 resistente?
1347 993 1449 1020 nam

104 1035 153 1074 ut
185 1036 227 1074 te
259 1033 350 1075 illic
381 1033 583 1088 gesseris,
616 1047 702 1074 non
734 1033 868 1074 audeo
902 1033 1057 1088 dicere,
1090 1036 1292 1089 quoniam
1325 1037 1448 1079 abso-

105 1092 222 1134 lutus
259 1107 315 1134 es.

251 1151 423 1193 Dictum
465 1155 523 1193 est
564 1152 650 1193 iam
691 1152 854 1204 saepius
897 1151 1123 1193 Catilinam
1165 1166 1214 1194 eac
1249 1157 1447 1206 praetura

163 1211 355 1263 Africam
386 1210 602 1252 obtinuisse
631 1214 669 1252 et
697 1214 910 1252 accusante
939 1225 1029 1252 eum
1059 1213 1375 1264 repetundarum
1400 1214 1448 1255 P.

52 1282 86 1307 20
165 1269 307 1312 Clodio
338 1270 564 1311 absolutum
597 1283 687 1311 esse.

193 1328 261 1370 25.
304 1327 532 1369 Praetereo
576 1328 789 1369 nefarium
832 1328 958 1369 illum
1002 1331 1204 1370 conatum
1243 1331 1367 1371 tuum
1406 1333 1448 1372 et

104 1401 239 1442 paene
272 1387 470 1428 acerbum
504 1389 546 1428 et
582 1387 826 1428 luctuosum
859 1387 919 1428 rei
952 1387 1148 1441 publicae
1181 1388 1311 1442 diem,
1352 1403 1447 1430 cum

105 1445 180 1488 Cn.
210 1445 367 1487 Pisone
406 1445 539 1500 socio,
575 1460 628 1486 ne
666 1460 792 1499 quem
830 1446 963 1487 alium
1000 1446 1236 1501 nominem,
1277 1447 1448 1489 caedem

105 1504 368 1560 optimatum
402 1504 542 1546 facere
574 1504 764 1546 voluisti.

51 1574 86 1601 25
255 1564 363 1614 Quos
392 1577 475 1605 non
504 1564 699 1613 nominet,
736 1564 976 1617 intelleyz'u's.
1038 1563 1144 1605 Fuit
1171 1565 1280 1606 enim
1312 1565 1448 1618 opinio

165 1621 390 1664 Catilinam
415 1625 452 1663 et
477 1621 549 1664 Cn.
569 1621 772 1675 Pisonem,
802 1623 1091 1664 adulescentem
1107 1624 1327 1677 perditum,
1360 1637 1448 1665 con-

162 1683 321 1723 iurasse
339 1681 395 1722 ad
417 1681 571 1722 caedem
589 1684 752 1723 senatus
767 1681 1000 1732 faciendam
1019 1685 1113 1723 ante
1130 1695 1299 1732 annum,
1324 1696 1448 1735 quam

162 1740 258 1790 haec
282 1740 390 1782 dicta
414 1743 520 1790 sunt,
547 1738 663 1782 Cotta
687 1743 724 1780 et
744 1740 947 1792 Torquato
972 1753 1080 1794 coss„
1104 1754 1269 1793 eamque
1290 1742 1448 1782 caedem

162 1800 250 1841 ideo
280 1812 364 1840 non
394 1812 474 1841 esse
502 1799 669 1851 factam,
700 1799 807 1851 quod
831 1800 961 1851 prius,
992 1812 1117 1851 quam
1139 1800 1286 1852 parati
1310 1803 1448 1852 essent,

53 1870 88 1895 30
164 1858 389 1900 coniuratis
418 1859 582 1911 siynum
609 1858 780 1899 dedisset
804 1857 998 1899 Catilina.
1049 1857 1148 1899 Piso
1179 1861 1325 1912 autem,
1357 1872 1450 1900 cum

162 1917 258 1959 baec
282 1917 518 1969 dicerentur,
538 1917 722 1969 perierat
745 1917 790 1957 in
810 1916 1066 1969 Hispaniam
1087 1917 1237 1958 missus
1255 1930 1283 1958 a
1306 1920 1450 1958 senatu

158 1990 233 2031 per
262 1975 454 2017 honorem
486 1976 713 2028 leyationis,
744 1978 791 2016 ut
820 1989 847 2016 a
877 1976 963 2016 suis
994 1975 1267 2028 ablegyaretur;
1305 1976 1449 2029 ibique,

163 2036 262 2076 dum
304 2035 486 2076 iniurias
521 2034 846 2087 provincialibus
887 2034 1008 2088 facit,
1054 2034 1206 2076 occisus
1248 2037 1355 2089 erat,
1405 2038 1452 2075 ut

163 2094 331 2146 quidam
369 2093 594 2147 credebant,
630 2106 658 2134 a
695 2092 767 2134 Cn.
805 2092 974 2145 Pompei
1010 2093 1219 2134 clientibus
1256 2093 1449 2146 Pompeio

52 2162 86 2188 ³5
163 2165 246 2193 non
276 2152 414 2193 invito.

193 2211 260 2252 26.
292 2210 365 2252 An
395 2210 555 2252 oblitus
590 2225 632 2252 es
665 2213 707 2252 te
741 2225 790 2251 ex
823 2224 901 2263 me,
934 2224 1030 2251 cum
1055 2212 1304 2264 praeturam
1336 2212 1450 2264 pete-

105 2283 267 2323 remus,
311 2269 492 2324 petisse,
535 2272 584 2310 ut
620 2268 703 2311 tibi
743 2268 930 2324 primum
967 2269 1110 2310 locum
1149 2267 1450 2311 concederem?
