1663 2490
197 86 278 126 184
594 83 795 119 LAELIUS
820 83 884 118 DE
910 83 1127 118 AM101T1A

193 193 320 235 amici
352 195 586 247 anteponat
619 192 724 233 suo?
775 190 912 239 Quid?
944 191 1050 232 haec
1080 194 1129 232 ut
1160 192 1371 245 omittam,
1404 207 1532 246 quam

192 266 358 308 graves,
390 267 518 306 quam
545 250 739 292 difficiles
766 250 981 304 plerisque
1013 249 1211 291 videntur
1237 251 1532 293 calamitatum

192 311 436 353 societates!
471 310 524 352 ad
556 323 661 363 quas
693 323 779 349 non
811 311 877 349 est
906 308 1034 350 facile
1064 309 1241 350 inventu
1267 310 1339 364 qui
1366 310 1532 351 descen-

192 369 307 412 dant.
369 368 638 422 Quamquam
669 366 834 408 Ennius
866 370 997 408 recte:

251 427 457 470 Amicus
490 430 663 468 certus
695 425 746 466 1'n
777 439 828 467 re
859 426 1058 467 incerta
1090 427 1337 481 ce‘rnitur,
1569 439 1585 464 5

190 491 337 528 tamen
368 487 472 528 haec
499 486 581 527 duo
608 484 798 526 levitatis
825 487 868 526 et
892 484 1158 525 infirmitatis
1184 485 1411 540 plerosque
1437 500 1532 527 con-

191 546 377 599 vincunt,
404 547 478 586 aut
504 545 541 586 si
566 544 610 585 in
629 543 754 585 bonis
780 543 906 584 rebus
934 546 1214 585 contemnunt
1241 548 1315 586 aut
1340 545 1386 585 in
1405 545 1531 586 malis

125 605 176 647 18
192 605 403 646 deserunt.
465 602 547 652 Qui
577 602 712 658 igitur
742 604 925 656 utraque
955 602 1001 643 in
1031 617 1077 643 re
1109 617 1303 657 gravem,
1334 607 1532 645 constan-

191 668 296 716 tem,
341 662 542 704 stabilem
587 676 631 703 se
673 661 719 702 in
763 661 954 703 amicitia
996 661 1283 716 praestiterit,
1325 662 1438 704 hunc
1482 677 1532 703 ex

191 722 374 763 maxime
411 736 510 763 raro
555 734 709 776 genere
746 720 968 761 hominum
1012 720 1198 762 iudicare
1244 721 1445 762 debemus
1490 724 1533 762 et
1555 734 1585 758 ιο

208 795 343 837 paene
375 780 532 822 divino.

121 826 206 910 (ἐξ)
297 839 638 881 Firmamentum
659 840 803 879 autem
817 838 1072 879 stabilitatis
1096 839 1448 893 constantiaeque
1468 842 1533 880 est
1592 844 1596 847 '

121 1969 164 2001 56

192 899 300 953 eius,
345 913 474 953 quam
516 898 561 939 in
605 897 797 939 amicitia
843 897 1106 951 quaerimus,
1149 897 1273 952 fides;
1314 897 1425 939 nihil
1468 901 1534 939 est

190 958 303 999 enim
335 957 504 1011 stabile,
537 956 651 1011 quod
682 955 860 997 infidum
892 959 971 997 est.
1031 954 1278 1011 Simplicem
1310 959 1533 1011 praeterea

189 1019 232 1058 et
257 1031 526 1058 communem
554 1018 597 1057 et
622 1015 972 1069 consentientem,
997 1015 1040 1056 id
1066 1017 1132 1056 est
1153 1015 1225 1069 qui
1244 1015 1371 1057 rebus
1396 1015 1532 1057 isdem
1555 1028 1585 1053 15

190 1078 426 1130 moveatur,
458 1075 561 1130 eligi
592 1089 672 1129 par
697 1077 775 1127 est,
807 1088 916 1128 quae
942 1074 1086 1115 omnia
1111 1074 1330 1129 pertinent
1356 1074 1409 1116 ad
1434 1074 1531 1116 fide-

189 1135 378 1189 litatem3
418 1148 555 1188 neque
593 1133 706 1175 enim
742 1132 875 1174 fidum
913 1136 1058 1188 potest
1089 1147 1182 1174 esse
1214 1133 1441 1188 multiplex
1471 1133 1532 1174 in-

190 1194 364 1249 genium
390 1196 433 1234 et
458 1195 715 1246 tortuosum,
740 1206 876 1246 neque
902 1207 1016 1246 vero,
1043 1192 1221 1246 quinon
1242 1192 1378 1234 isdem
1404 1192 1531 1234 rebus

190 1255 387 1294 movetur
423 1255 664 1305 naturaque
702 1251 933 1304 consentit,
978 1253 1052 1292 aut
1094 1251 1204 1293 fidus
1243 1254 1317 1292 aut
1361 1251 1530 1292 stabilis

189 1314 336 1367 potest
367 1325 470 1352 esse.
532 1309 788 1351 Addendum
820 1310 967 1351 eodem
1000 1312 1083 1364 est,
1116 1313 1164 1351 ut
1194 1324 1247 1351 ne
1279 1310 1530 1352 criminibus
1551 1322 1585 1347 20

191 1373 266 1412 aut
297 1369 529 1411 inferendis
562 1369 797 1410 delectetur
829 1371 904 1409 aut
929 1369 1074 1410 credat
1100 1369 1273 1423 oblatis,
1306 1383 1413 1423 quae
1441 1384 1531 1423 per—

189 1429 330 1470 tinent
362 1429 506 1469 omnia
538 1427 591 1469 ad
623 1442 736 1481 eam,
773 1442 902 1481 quam
933 1427 1020 1468 iam
1053 1427 1211 1468 dudum
1241 1430 1400 1482 tracto,
1438 1442 1532 1470 con-

189 1488 410 1529 stantiam.
471 1486 539 1528 Ita
569 1486 619 1528 fit
651 1501 800 1528 verum
831 1485 958 1541 illud,
990 1487 1104 1541 quod
1134 1486 1258 1529 initio
1291 1487 1395 1541 dixi,
1427 1487 1530 1528 ami-

189 1547 338 1589 citiam
381 1545 465 1587 nisi
504 1546 618 1586 inter
661 1545 798 1586 bonos
844 1559 936 1586 esse
979 1560 1065 1587 non
1102 1559 1241 1600 posse.
1300 1545 1383 1587 Est
1419 1546 1532 1587 enim

190 1606 293 1647 boni
324 1605 424 1659 viri,
462 1619 588 1659 quem
621 1604 800 1645 eundem
833 1604 1071 1659 sapientem
1103 1604 1205 1647 licet
1236 1604 1391 1659 dicere,
1427 1604 1532 1646 haec
1553 1616 1585 1641 25

191 1665 273 1706 duo
310 1667 455 1705 tenere
493 1664 539 1705 in
583 1663 789 1705 amicitia:
832 1664 1018 1718 primum
1061 1677 1114 1704 ne
1153 1663 1254 1718 quid
1290 1663 1438 1706 fictum
1477 1664 1533 1705 sit

190 1738 296 1765 neve
323 1723 590 1776 simulatum3
621 1725 768 1778 aperte
794 1722 906 1763 enim
932 1723 1001 1764 vel
1028 1722 1167 1764 odisse
1194 1723 1332 1778 magis
1358 1723 1532 1777 ingenui

191 1785 257 1824 est
302 1797 429 1836 quam
472 1781 615 1823 fronte
666 1782 880 1823 occultare
931 1781 1208 1835 sententiam3
1257 1781 1407 1823 deinde
1446 1795 1532 1823 non

191 1842 330 1883 solum
365 1842 418 1882 ab
452 1841 598 1895 aliquo
638 1840 795 1882 allatas
833 1840 1154 1882 criminationes
1191 1840 1417 1895 repellere,
1459 1840 1532 1882 sed

189 1915 243 1942 ne
288 1900 430 1954 ipsum
475 1900 646 1954 quidem
691 1913 783 1940 esse
827 1899 1110 1954 suspiciosum
1155 1913 1323 1954 semper
1371 1899 1532 1953 aliquid
1553 1910 1587 1936 ³⁰

192 1958 511 2000 existimantem
551 1959 603 1999 ab
643 1958 780 2000 amico
819 1972 912 2000 esse
948 1958 1171 2000 violatum.
1232 1957 1421 2000 Accedat
1452 1957 1533 2000 huc

191 2018 382 2059 suavitas
428 2018 639 2071 quaedam
684 2019 856 2072 oportet
901 2031 1146 2058 sermonum
1184 2019 1312 2071 atque
1353 2031 1533 2067 morum,

190 2077 523 2130 haudquaquam
555 2076 767 2118 mediocre
806 2076 1124 2119 condimentum
1163 2076 1388 2117 amicitiae.
1444 2075 1534 2116 Tri-

191 2135 313 2177 stitia
351 2138 495 2176 autem
533 2138 576 2176 et
613 2135 658 2176 in
696 2135 813 2176 omni
849 2149 895 2176 re
931 2135 1137 2176 severitas
1169 2135 1302 2176 habet
1332 2135 1411 2176 illa
1442 2134 1533 2189 qui-

191 2194 286 2235 dem
321 2195 599 2249 gravitatem,
630 2193 705 2235 sed
737 2193 927 2236 amicitia
957 2194 1178 2235 remissior
1209 2208 1302 2235 esse
1334 2194 1461 2234 debet
1493 2197 1535 2234 et
1555 2204 1588 2229 ³5

191 2253 368 2294 liberior
388 2256 431 2309 et
452 2253 615 2295 dulcior
642 2255 686 2294 et
711 2253 765 2294 ad
791 2267 961 2295 omnem
987 2253 1235 2295 comitatem
1260 2252 1535 2294 facilitatem—

192 2326 274 2367 que
305 2311 552 2367 proclivior.
