1673 2505
185 72 269 113 206
723 70 988 107 PARADOXA

184 179 492 221 coniurationis
517 194 544 220 a
563 177 776 221 Catilinae
802 178 925 220 furiis
947 178 999 219 ad
1019 182 1141 220 tuum
1162 180 1300 221 scelus
1320 181 1525 222 furorem-

116 249 158 280 28
185 252 266 293 que
305 252 554 292 conversae,
590 252 678 280 non
713 237 865 279 civitas
909 240 1013 278 erat.
1074 237 1224 292 Itaque
1261 238 1411 293 pulsus
1444 253 1523 294 ego

113 897 156 928 29

112 2310 152 2342 31

184 297 359 339 civitate
389 311 477 339 non
508 311 620 350 sum,
652 310 760 350 quae
791 296 912 337 nulla
943 298 1056 350 erat,
1088 297 1317 339 accersitus
1349 298 1395 338 in
1426 297 1525 339 civi·
1558 304 1563 321 ‘¹

181 358 319 398 tatem
350 370 466 410 sum,
497 369 593 397 cum
625 357 739 395 esset
770 355 815 395 in
846 369 891 396 re
923 354 1097 409 publica
1127 356 1296 410 consul,
1326 356 1399 411 qui
1430 359 1524 398 tum

180 415 325 457 nullus
357 414 515 468 fuerat,
548 415 662 454 esset
694 415 886 467 senatus,
919 413 992 468 qui
1022 415 1116 455 tum
1148 414 1377 469 occiderat,
1409 417 1525 457 esset
1561 426 1576 451 ⁵

180 488 411 516 consensus
443 473 593 527 populi
624 472 746 527 liber,
778 474 891 513 esset
921 472 1027 513 iuris
1059 475 1102 513 et
1134 473 1383 529 aequitatis,
1416 488 1525 528 quae

183 533 324 574 vincla
350 533 450 573 sunt
475 531 676 584 civitatis,
701 531 887 586 repetita
912 531 1129 573 memoria.
1172 533 1237 574 Ac
1262 532 1369 588 vide,
1396 548 1526 587 quam

182 592 267 633 ista
303 590 368 632 tui
404 590 622 632 latrocinii
658 590 749 632 tela
785 590 1129 645 contempserim.
1189 591 1354 632 laetam
1391 594 1434 633 et
1464 592 1526 633 in·

183 651 360 691 missam
399 664 424 691 a
461 651 504 690 te
541 648 751 696 nefariam
787 649 834 690 in
870 664 938 690 me
975 649 1175 690 iniuriam
1208 664 1376 704 semper
1413 650 1525 705 duxi,

182 709 427 764 pervenisse
465 708 519 749 ad
556 722 624 749 me
660 722 895 762 numquam
931 708 1099 763 putavi,
1140 708 1225 749 nisi
1260 707 1390 760 forte,
1427 724 1524 751 cum
1545 721 1578 746 10

181 767 369 823 parietes
407 766 684 808 disturbabas
722 769 797 808 aut
834 781 930 809 cum
967 766 1094 809 tectis
1135 767 1366 809 sceleratas
1408 767 1524 810 faces

181 827 416 881 inferebas,
454 840 648 868 meorum
685 825 849 880 aliquid
885 840 1008 867 ruere
1041 828 1116 868 aut
1147 826 1383 892 deflagrare
1415 826 1526 868 arbi-

182 886 369 927 trabare.
430 883 553 926 Nihil
591 899 728 939 neque
765 899 907 926 meum
945 887 1011 926 est
1047 899 1184 939 neque
1228 885 1524 940 quoiusquam,

183 944 296 999 quod
328 943 500 998 auferri,
532 944 647 998 quod
678 944 797 999 eripi,
829 944 942 998 quod
971 943 1115 985 amitti
1139 946 1297 999 potest.
1313 942 1392 985 »Si
1417 944 1525 986 mihi

182 1003 411 1058 eripuisses
445 1002 634 1045 divinam
666 1002 798 1044 animi
827 1002 911 1044 mei
936 1002 1241 1044 conscientiam
1267 1003 1374 1045 meis
1399 1004 1525 1059 curis,
1543 1013 1576 1040 1⁵

180 1062 363 1118 vigiliis,
406 1062 597 1104 0011311113
636 1064 752 1103 stare
790 1065 832 1103 te
869 1062 1128 1104 invitissimo
1166 1076 1258 1103 rem
1293 1062 1525 1128 publicam,

182 1121 219 1162 si
250 1121 377 1163 huius
410 1121 574 1162 aeterni
605 1121 800 1162 beneficii
831 1121 1107 1163 inmortalem
1138 1120 1390 1163 memoriam
1415 1122 1525 1163 dele-

180 1180 336 1235 visses,
379 1180 518 1221 multo
556 1179 687 1222 etiam
731 1180 890 1236 magis,
934 1180 969 1221 si
1006 1180 1127 1221 illam
1165 1182 1370 1235 mentem,
1413 1181 1524 1222 unde

180 1239 286 1281 haec
318 1239 499 1281 consilia
530 1241 773 1293 manarunt,
803 1238 910 1280 mihi
941 1238 1189 1293 eripuisses,
1221 1241 1314 1280 tum
1346 1253 1426 1295 ego
1459 1254 1523 1281 ac-

181 1298 344 1353 cepisse
376 1312 444 1339 me
472 1298 698 1339 confiterer
723 1297 936 1339 iniuriam.
980 1296 1063 1339 Sed
1088 1297 1125 1338 si
1149 1297 1256 1339 haec
1280 1312 1357 1340 nec
1380 1297 1524 1340 fecisti
1543 1309 1575 1335 20

180 1371 258 1399 nec
294 1356 434 1399 facere
471 1357 672 1412 potuisti,
715 1357 901 1398 reditum
944 1356 1051 1397 mihi
1092 1356 1331 1412 gloriosum
1366 1357 1524 1399 iniuria

180 1418 257 1457 tua
283 1415 411 1470 dedit,
442 1429 529 1457 non
554 1415 716 1456 exitum
742 1415 1054 1457 calamitosum.
1102 1414 1222 1471 Ergo
1248 1429 1329 1471 ego
1355 1429 1524 1471 semper

181 1474 304 1529 civis,
348 1477 392 1516 et
429 1477 522 1515 tum
560 1474 762 1528 maxime,
805 1489 901 1516 cum
945 1488 1085 1515 meam
1126 1474 1310 1516 salutem
1349 1477 1522 1516 senatus

181 1533 338 1575 exteris
375 1533 625 1575 nationibus
661 1537 709 1575 ut
744 1533 849 1576 civis
887 1533 1055 1588 optumi
1092 1533 1437 1588 commendabat,
1474 1536 1523 1575 tu

180 1607 234 1635 ne
264 1607 376 1634 nunc
408 1592 598 1647 quidem,
637 1591 722 1634 nisi
757 1592 870 1634 forte
900 1591 1014 1634 idem
1045 1591 1185 1634 hostis
1217 1606 1310 1634 esse
1341 1595 1386 1634 et
1416 1592 1521 1634 civis
1541 1602 1574 1628 25

180 1653 338 1707 potest.
400 1650 471 1692 An
501 1654 549 1692 tu
581 1651 717 1693 civem
754 1651 808 1693 ab
845 1651 970 1693 hoste
1006 1653 1164 1693 natura
1200 1665 1249 1694 ac
1286 1651 1399 1705 loco,
1435 1666 1523 1693 non

182 1711 325 1752 animo
363 1710 575 1764 factisque
613 1710 873 1766 distinguis?
935 1708 1119 1752 Caedem
1154 1710 1200 1751 in
1236 1709 1331 1752 foro
1368 1709 1522 1765 fecisti,

181 1769 360 1812 armatis
386 1769 630 1811 latronibus
658 1769 823 1824 templa
846 1769 1037 1823 tenuisti,
1067 1769 1335 1824 privatorum
1361 1768 1523 1821 domos,

182 1828 306 1870 aedes
339 1842 482 1870 sacras
519 1828 759 1870 incendisti.
820 1826 907 1871 Cur
936 1827 1078 1870 hostis
1110 1826 1360 1882 Spartacus,
1400 1828 1437 1869 si
1474 1831 1522 1869 tu

180 1887 315 1930 civis?
375 1886 506 1929 Potes
538 1890 683 1929 autem
716 1901 808 1928 esse
838 1890 887 1928 tu
919 1887 1043 1942 civis,
1079 1889 1258 1942 propter
1289 1901 1416 1942 quem
1448 1887 1522 1928 ali·
1542 1897 1576 1923 ³0
1638 1895 1640 1907 ³

182 1946 351 2001 quando
383 1946 535 1989 civitas
567 1961 654 1988 non
684 1945 800 1988 fuit?
833 1948 876 1987 et
907 1960 974 1987 me
1004 1948 1080 1988 tuo
1111 1945 1283 1987 nomine
1315 1945 1522 2001 appellas,

180 2020 277 2048 cum
292 2020 439 2047 omnes
454 2020 549 2047 meo
569 2005 759 2047 discessu
779 2005 973 2046 exulasse
992 2019 1083 2046 rem
1102 2004 1321 2060 publicam
1339 2004 1523 2060 putent?

180 2063 493 2119 Numquamne,
518 2064 649 2106 homo
669 2064 973 2118 amentissime,
991 2065 1036 2105 te
1055 2062 1382 2118 circumspicies,
1403 2078 1523 2105 num-

181 2138 322 2178 quam,
352 2138 429 2165 nec
456 2123 558 2178 quid
581 2123 729 2177 facias,
758 2122 1061 2176 considerabis,
1086 2136 1163 2164 nec
1189 2122 1292 2176 quid
1316 2120 1523 2176 loquare?

179 2181 331 2224 Nescis
357 2182 532 2223 exilium
558 2182 768 2224 scelerum
793 2196 885 2223 esse
913 2195 1108 2236 poenam,
1139 2195 1281 2222 meum
1306 2180 1414 2222 illud
1440 2181 1523 2222 iter
1542 2191 1576 2217 ³⁵
1630 2219 1633 2232 ,

180 2240 235 2283 ob
273 2240 642 2296 praeclarissimas
680 2255 747 2282 res
787 2255 813 2282 a
843 2255 911 2282 me
944 2242 1089 2296 gestas
1122 2253 1215 2282 esse
1248 2239 1523 2296 susceptum?
1630 2237 1632 2246 '

181 2299 339 2342 Omnes
366 2300 563 2342 scelerati
590 2303 718 2354 atque
743 2299 877 2354 impii,
904 2313 1086 2353 quorum
1111 2301 1160 2340 tu
1186 2302 1229 2340 te
1255 2298 1405 2341 ducem
1432 2313 1524 2340 esse
