1673 2505
226 53 312 94 ‘240
737 50 1039 86 FRAGMENTA

313 160 506 213 Sequente
548 160 689 201 deinde
732 172 841 200 anno
885 159 934 201 L.
972 157 1089 200 Cotta
1125 159 1173 200 L.
1214 159 1418 212 Torquato
1462 172 1570 214 coss,

225 233 301 272 quo
331 219 428 260 haee
458 219 587 260 oratio
620 232 646 258 a
673 216 859 259 Cicerone
875 220 1077 270 praetura
1094 231 1237 270 ,nuper
1261 220 1430 271 peracta
1462 218 1571 259 dicta

226 281 296 329 est,
341 291 430 319 cum
466 278 610 330 prima
644 289 749 328 pars
793 309 800 316 .
841 308 848 316 .
888 307 896 316 .
935 307 943 315 .
987 276 1212 329 Manilius,
1259 277 1330 328 qui
1373 277 1571 317 iudicium

223 351 295 390 per
331 349 545 389 operarum
582 335 698 376 duces
741 334 990 384 turbaverat,
1035 335 1175 375 deinde
1217 336 1324 387 quod
1360 348 1408 376 ex
1445 334 1487 376 S.
1528 334 1570 376 G.

226 395 341 436 ambo
379 394 557 435 consules
586 393 876 445 praesidebant
911 393 947 433 ei
983 393 1150 447 iudicio,
1187 407 1270 435 non
1306 394 1573 446 respondisset

226 454 443 505 absensque
473 455 571 493 esset
598 452 837 504 damnatus,
874 452 1069 492 recreavit
1096 464 1137 492 se
1168 451 1395 505 Cominius,
1433 455 1480 492 ut
1509 453 1570 493 in-

225 513 402 564 famiam
433 513 612 563 acceptae
636 511 835 562 pecuniae
866 510 1033 563 tolleret,
1074 523 1122 551 ac
1152 511 1310 563 repetiit
1340 510 1572 552 Cornelium

228 572 307 624 leye
330 570 566 610 maiestatis.
609 568 691 609 Res
715 572 805 609 acta
837 571 894 610 est
916 582 1068 621 magna
1092 570 1369 620 expectatione.
1413 568 1572 610 Paucos

228 633 361 670 autem
387 628 567 669 homines
593 626 805 668 Cornelius
830 628 1071 680 perterritus
1096 628 1256 668 Illanili
1286 628 1396 668 exitu
1427 628 1572 669 recenti

231 689 273 729 in
303 687 502 728 iudicium
532 686 727 736 adhibuit,
758 689 805 727 ut
833 700 883 727 ne
913 686 1066 727 clamor
1096 687 1256 739 quidem
1287 687 1396 727 ullus
1420 686 1471 727 ab
1502 687 1571 727 ad-

228 747 379 788 vocatis
409 746 495 787 eius
527 746 712 786 oriretur.

316 805 525 846 Dixerunt
554 804 600 845 in
627 817 718 845 eum
742 803 881 854 infesti
908 803 1136 844 testimonia
1153 803 1361 856 principes
1385 803 1572 856 civitatis,

228 865 298 917 qui
322 864 554 917 plurimum
585 863 630 903 in
661 865 804 903 senatu
827 865 1029 914 poterant,
1064 861 1107 913 Q.
1133 862 1390 913 Hortensius,
1425 861 1469 913 Q.
1496 861 1572 903 Ca-

229 923 349 976 tulus,
377 922 421 973 Q.
447 921 636 963 Metellus
661 920 776 974 Pius,
802 921 863 962 M.
884 921 1092 973 Lucullus,
1117 921 1198 961 M’.
1218 921 1407 973 Lepidus.
1446 920 1572 962 Dixe-

227 984 328 1022 runt
357 984 492 1022 autem
522 980 616 1021 lioc:
654 980 799 1021 vidisse
829 992 886 1033 se,
923 993 1014 1020 cum
1046 979 1257 1021 Cornelius
1287 980 1333 1020 in
1365 979 1573 1020 tribunatu

228 1041 400 1082 codicem
430 1052 509 1092 pro
546 1039 690 1080 rostris
721 1039 804 1091 ipse
839 1039 1040 1091 recitaret,
1081 1039 1188 1090 quod
1216 1041 1309 1079 ante
1340 1037 1574 1079 Cornelium

228 1113 343 1140 nemo
378 1099 518 1150 fecisse
554 1098 865 1139 existimaretur.
935 1097 1129 1139 Volebant
1163 1098 1294 1138 videri
1323 1110 1363 1138 se
1393 1097 1574 1138 iudicare

229 1172 318 1199 eam
348 1171 434 1198 rem
464 1170 703 1209 magynopere
733 1157 789 1197 ad
811 1157 962 1197 crimen
987 1157 1228 1197 imminutae
1252 1157 1478 1197 maiestatis
1503 1156 1573 1197 tri-

230 1217 414 1258 bunieiae
437 1217 661 1268 pertinere;
699 1215 845 1256 etenim
868 1228 995 1267 prope
1026 1215 1237 1256 tollebatur
1267 1216 1505 1268 intercessiO,
1536 1215 1574 1256 si

229 1276 274 1316 id
304 1275 479 1316 tribunis
503 1274 814 1327 permitteretur.
865 1273 961 1314 Non
985 1277 1148 1326 poterat
1170 1287 1316 1326 neyare
1345 1274 1392 1315 id
1418 1274 1574 1325 factum

229 1347 310 1376 esse
335 1333 494 1382 Θέωνα,-
526 1333 653 1385 iyitur
683 1346 725 1373 eo
757 1332 948 1385 confuyit,
978 1336 1025 1373 ut·
1053 1333 1199 1373 diceret
1227 1346 1310 1373 non
1341 1333 1439 1385 ideo,
1469 1333 1576 1385 quod

230 1394 350 1434 lectus
380 1393 435 1433 sit
463 1392 583 1432 codex
613 1405 640 1432 a
677 1391 856 1440 tribuno,
893 1391 1157 1431 imminutam
1195 1404 1274 1432 esse
1312 1391 1574 1432 tribuniciam

227 1454 470 1504 potestatem.
534 1449 625 1501 Qua
660 1463 750 1490 vero
787 1452 874 1490 arte
910 1453 947 1490 et
982 1450 1150 1491 scientia
1187 1450 1401 1503 orationis,
1438 1451 1499 1491 ita
1529 1453 1576 1491 ut

229 1514 265 1551 et
295 1510 531 1563 diffiiitatem
563 1508 884 1549 clarissimorum
915 1509 1081 1562 civium,
1112 1512 1253 1550 contra
1283 1522 1381 1561 quos
1411 1509 1573 1559 dicebat,

229 1582 312 1610 non
341 1568 521 1618 violaret,
553 1570 590 1608 et
620 1570 754 1608 tamen
784 1568 1023 1608 auctoritate
1053 1580 1191 1608 eorum
1224 1568 1329 1608 laedi
1352 1581 1466 1608 reum
1491 1581 1574 1609 non
1593 1598 1607 1605 .

226 1630 444 1681 pateretur,
469 1629 699 1679 quantaque
723 1627 995 1667 moderatione
1019 1640 1105 1667 rem
1131 1629 1215 1667 tam
1240 1626 1448 1679 difficilem
1477 1627 1574 1668 aliis

230 1686 481 1738 tractaverit,
526 1685 636 1726 lectio
680 1685 771 1737 ipsa
813 1685 1042 1726 declarabit.
1104 1685 1400 1727 Adiumentum
1440 1689 1575 1726 autem

229 1745 380 1795 liabuit,
410 1745 526 1797 quod,
557 1744 661 1785 sicut
690 1744 882 1797 diximus,
916 1743 1127 1785 Cornelius
1151 1747 1313 1797 praeter
1343 1745 1574 1785 destrictum

188 1852 191 1853 ⁷
227 1804 477 1857 propositum
514 1803 648 1843 animi
685 1803 875 1844 adversus
903 1803 1142 1855 principum
1173 1803 1417 1844 voluntatem
1448 1806 1576 1844 cetera

229 1864 313 1903 vita
332 1862 438 1903 niliil
454 1862 615 1913 fecerat,
641 1862 748 1913 quod
770 1875 1010 1914 magnopere
1028 1861 1332 1914 inprobarctur,·
1352 1865 1574 1914 praeterea,

229 1922 335 1973 quod
369 1924 406 1961 et
436 1922 519 1973 ipsc
552 1919 760 1973 Globulus,
792 1921 862 1972 qui
896 1921 1180 1973 intercesserat,
1212 1921 1355 1961 aderat
1380 1919 1575 1974 Cornelio,

230 1983 266 2020 et
296 1978 423 2032 (quod
452 1981 587 2031 ipsum
618 1992 772 2031 quoque
804 1979 1005 2033 diximus)
1036 1980 1142 2031 quod
1172 1977 1383 2020 Cornelius
1407 1979 1577 2032 Pompei

230 2039 383 2091 Maym‘
419 2041 604 2090 quaestor
637 2038 790 2091 fuerat,
829 2039 942 2090 apud
976 2038 1078 2079 duas
1108 2040 1249 2090 partes
1284 2051 1350 2079 reo
1383 2039 1579 2090 proderat

230 2098 408 2150 equitum
446 2096 730 2137 Romanorum
773 2099 809 2136 ct
855 2097 1110 2137 tribunorum
1154 2097 1410 2137 aerariorum
1453 2100 1490 2138 et
1530 2110 1578 2138 ex

232 2156 350 2196 tertia
388 2169 540 2208 quoque
570 2158 691 2207 parte
732 2158 964 2196 senatorum
1006 2155 1118 2207 apud
1150 2155 1363 2208 plerosque
1407 2156 1577 2209 exceptis

231 2215 306 2268 eis,
337 2215 409 2266 qui
439 2216 556 2255 erant
583 2213 817 2265 familiares
840 2214 1081 2267 principum
1112 2214 1299 2255 civitatis.

343 2274 401 2314 ies
432 2276 524 2314 acta
554 2275 612 2313 est
642 2285 788 2325 mayno
820 2276 1012 2314 conventu
1043 2286 1270 2325 maynaque
1300 2273 1578 2326 expectatione,

1592 698 1624 723 10

1595 992 1626 1016 15

1594 1286 1626 1310 20

1594 1874 1627 1899 30

1597 2167 1628 2193 35
