1663 2490
205 58 261 98 52
729 56 793 91 DE
818 56 1019 91 OFFICIIS

203 165 388 219 undique
421 167 656 220 apportans
691 164 923 218 multisque
957 165 1048 206 sine
1080 165 1271 206 vanitate
1298 165 1546 219 inpertiens,

202 239 290 266 non
321 226 387 265 est
414 223 643 265 admodum
668 223 962 278 vituperanda,
994 226 1122 278 atque
1150 223 1292 276 etiam,
1325 224 1361 264 si
1387 224 1546 265 satiata

204 285 385 337 quaestu
416 283 485 324 vel
518 284 720 324 contenta
750 281 907 336 potius,
939 284 988 323 ut
1020 296 1146 337 saepe
1173 297 1223 323 ex
1250 282 1339 323 alto
1371 282 1416 323 in
1447 297 1545 337 por—

203 344 314 395 tum,
354 356 403 382 ex
435 341 528 396 ipso
567 343 697 396 portu
730 354 773 381 se
805 340 849 380 in
881 354 1009 396 agros
1040 340 1418 395 possessionesque
1451 355 1545 383 con-

203 400 322 454 tulit,
365 400 535 441 videtur
578 399 668 440 iure
714 398 878 453 optimo
922 413 1047 454 posse
1092 399 1269 440 laudari.
1344 398 1545 440 Omnium
1582 411 1599 435 5

204 462 347 500 autem
379 473 539 511 rerum,
577 472 627 498 ex
659 457 814 511 quibus
847 458 1008 512 aliquid
1041 458 1299 512 adquiritur,
1338 458 1447 499 nihil
1480 461 1547 499 est

204 518 298 573 agri
330 518 498 559 cultura
529 516 694 570 melius,
724 516 833 557 nihil
865 516 1056 570 uberius,
1087 516 1196 557 nihil
1229 516 1406 570 dulcius,
1437 516 1545 558 nihil

202 577 376 618 homine
416 575 552 617 libero
598 574 787 630 dignius3
831 575 881 616 de
926 590 1011 630 qua
1055 575 1255 629 quoniam
1300 575 1344 616 in
1382 574 1546 617 Catone

203 635 365 676 maiore
398 634 503 675 satis
535 635 672 675 multa
709 633 909 688 diximus,
946 634 1058 674 illim
1097 648 1307 688 assumeS,
1346 649 1454 688 quae
1493 634 1547 675 ad

204 694 317 735 hunc
349 694 491 735 locum
523 692 815 748 pertinebunt.
1567 705 1601 730 ιο

132 733 200 816 {35³2
294 750 375 793 Sed
409 752 462 793 ab
494 752 546 793 iis
585 752 800 806 partibus,
838 766 946 806 (11130
985 754 1086 792 sunt
1123 751 1381 805 honestatis,
1421 766 1547 806 quem

205 811 256 852 ad
290 811 463 852 modum
496 810 637 852 officia
669 810 934 864 ducerentur,
967 810 1072 851 satis
1099 811 1341 865 expositum
1367 810 1546 852 videtur.

203 870 365 912 Eorum
398 872 541 911 autem
572 870 777 924 ipsorum,
809 883 916 924 quae
948 869 1132 910 honesta
1163 872 1275 923 sunt,
1310 871 1456 924 potest
1485 869 1546 910 111-

204 929 341 971 cidere
369 943 494 983 saepe
521 928 738 970 contentio
765 930 808 969 et
834 928 1112 983 comparatio,
1146 928 1194 969 de
1222 928 1386 969 duobus
1418 928 1547 969 hone-

205 988 283 1029 stis
316 990 460 1029 utrum
492 987 734 1040 honestius,
775 987 847 1041 qui
885 987 1003 1028 locus
1037 1002 1061 1027 a
1092 986 1298 1028 Panaetio
1332 989 1398 1028 est
1428 1001 1547 1041 prae·
1569 997 1601 1023 15

204 1047 440 1088 termissus.
490 1045 604 1088 Nam
624 1061 720 1087 cum
747 1045 885 1087 omnis
911 1046 1115 1087 honestas
1137 1048 1282 1087 manet
1302 1060 1327 1086 a
1349 1045 1546 1100 partibus

206 1108 422 1160 quattuor,
455 1119 635 1159 quarum
662 1119 746 1146 una
772 1105 829 1145 sit
855 1104 1126 1159 cognitionis,
1153 1105 1290 1146 altera
1316 1105 1547 1145 communi-

205 1165 322 1217 tatis,
347 1163 478 1205 tertia
503 1163 888 1219 magnanimitatis,
915 1166 1069 1217 quarta
1094 1163 1413 1217 moderationis,
1442 1163 1547 1205 haec

204 1224 249 1264 in
287 1223 512 1278 deligendo
552 1223 692 1264 officio
732 1237 858 1277 saepe
895 1222 1008 1263 inter
1049 1237 1094 1263 se
1132 1224 1435 1277 comparentur
1478 1236 1547 1263 ne-

137 1293 201 1325 153
223 1296 340 1323 cesse
384 1285 461 1322 est.
534 1281 683 1323 Placet
725 1281 860 1337 igitur
904 1281 1074 1336 aptiora
1124 1295 1217 1322 esse
1267 1283 1448 1322 naturae
1499 1295 1548 1322 ea
1568 1292 1601 1317 20

205 1341 360 1394 officia,
392 1355 499 1395 quae
526 1355 576 1381 ex
602 1340 921 1393 communitate,
955 1354 1083 1394 quam
1104 1354 1164 1393 ea,
1194 1354 1302 1394 quae
1329 1354 1380 1380 ex
1406 1340 1548 1395 cogni-

203 1401 321 1441 tione
348 1399 568 1452 ducantur,
592 1399 719 1453 idque
744 1399 825 1440 hoc
846 1401 1100 1454 argumento
1122 1398 1366 1440 confirmari
1391 1401 1548 1453 potest,

205 1458 330 1513 quod,
363 1459 399 1499 si
431 1458 663 1513 contigerit
695 1472 744 1499 ea
771 1457 862 1498 vita
888 1457 1084 1512 sapienti,
1115 1460 1164 1498 ut
1190 1457 1380 1498 omnium
1405 1471 1548 1498 rerum

206 1517 481 1560 affluentibus
514 1517 649 1572 copiis
683 1516 914 1570 [quamvis]
956 1517 1116 1571 omnia,
1156 1531 1264 1570 quae
1302 1516 1548 1572 cognitione

206 1576 337 1632 digna
368 1576 466 1629 sint,
498 1589 666 1617 summo
699 1575 788 1617 otio
821 1589 963 1616 secum
994 1575 1087 1630 ipse
1119 1574 1359 1616 consideret
1385 1577 1428 1616 et
1453 1589 1548 1616 con·
1568 1585 1602 1611 25
1653 1610 1658 1617 .

205 1635 456 1690 templetur,
494 1637 658 1688 tamen,
696 1634 733 1675 si
764 1634 952 1675 solitudo
984 1636 1109 1675 tanta
1141 1634 1215 1688 sit,
1249 1635 1298 1674 ut
1329 1633 1548 1675 hominem

205 1694 348 1735 videre
368 1708 455 1735 non
481 1694 632 1748 possit,
658 1693 833 1735 excedat
859 1708 880 1734 e
906 1693 1005 1734 vita.
1049 1692 1337 1747 Princepsque
1358 1692 1548 1734 omnium

205 1753 415 1794 virtutum
435 1752 512 1793 illa
533 1752 756 1807 sapientia,
783 1766 911 1806 quam
935 1753 1099 1805 σοφίαν
1120 1750 1272 1792 Graeci
1298 1754 1466 1805 vocant,
1491 1775 1548 1779 —

205 1811 477 1866 prudentiam
505 1811 630 1864 enim,
657 1825 786 1865 quam
806 1810 959 1852 Graeci
984 1807 1205 1865 φρόνησιν
1233 1810 1391 1863 dicunt,
1418 1809 1548 1851 aliam

208 1870 422 1924 quandam
454 1870 765 1925 intellegimus,
803 1884 910 1924 quae
943 1871 1009 1910 est
1039 1883 1179 1910 rerum
1214 1869 1547 1923 expetendarum
1568 1879 1602 1904 ³0
1653 1888 1663 1896 ⁴=

205 1929 591 1984 fugiendarumque
624 1928 819 1981 scientia3
856 1928 934 1969 illa
969 1930 1111 1969 autem
1152 1927 1382 1982 sapientia,
1421 1942 1549 1982 quam

206 1987 444 2043 principem
483 1987 587 2041 dixi,
625 2002 767 2028 rerum
805 1989 870 2028 est
909 1987 1149 2028 divinarum
1187 1989 1230 2027 et
1264 1986 1549 2028 humanarum

208 2044 404 2100 scientia,
437 2046 481 2087 in
513 2061 598 2100 qua
630 2046 872 2087 continetur
904 2045 1079 2086 deorum
1112 2048 1154 2086 et
1185 2045 1408 2086 hominum
1440 2059 1550 2087 com-

207 2105 397 2147 munitas
431 2108 474 2146 et
506 2105 688 2146 societas
720 2105 833 2146 inter
864 2104 999 2159 ipsos,
1031 2118 1080 2145 ea
1112 2104 1148 2144 si
1174 2104 1362 2145 maxima
1394 2106 1470 2157 est,
1502 2106 1550 2145 ut
1662 2138 1663 2148 ,

209 2166 275 2205 est
313 2166 445 2217 certe,
481 2178 653 2205 necesse
691 2166 774 2217 est,
813 2163 925 2217 quod
963 2177 988 2204 a
1025 2163 1332 2204 communitate
1370 2162 1605 2204 (1υο31311135
1651 2181 1654 2186 ⁷

210 2222 409 2275 officium,
442 2222 486 2263 id
518 2236 610 2263 esse
643 2222 888 2263 maximum.
937 2221 1112 2262 Etenim
1144 2221 1332 2276 cognitio
1366 2223 1550 2263 contem·
1612 2266 1613 2270 ,

209 2281 431 2336 platioque
452 2283 630 2322 naturae
652 2295 803 2322 manca
830 2279 1014 2334 quodam
1041 2280 1167 2321 modo
1195 2283 1323 2334 atque
1348 2280 1551 2322 inchoata
