1663 2490
504 74 606 111 CAP.
632 79 735 111 6—5.
785 79 804 118 ς
830 79 978 110 22—26.
1331 77 1412 118 171

75 197 183 238 quae
209 185 299 224 tam
324 182 450 223 firma
474 182 626 224 civitas
653 185 730 232 est,
762 196 870 237 quae
897 196 984 224 non
1010 182 1118 224 odiis
1151 185 1195 224 et
1226 183 1414 225 discidiis

73 241 265 284 funditus
296 240 437 296 possit
468 241 634 282 everti?
684 240 749 282 Ex
782 255 878 295 quo,
910 243 1117 295 quantum
1150 241 1251 283 boni
1283 242 1340 283 sit
1371 243 1415 283 in

74 300 274 352 amicitia,
297 299 475 340 iudicari
493 301 650 354 potest.
694 300 1029 355 Agrigentinum
1051 300 1220 354 quidem
1242 300 1415 342 doctum

74 358 286 414 quendam
311 357 451 399 virum
477 358 738 400 carminibus
760 357 934 400 Graecis
957 358 1240 400 vaticinatum
1261 359 1415 411 ferunt,

37 428 54 454 ⁵
75 431 182 473 quae
208 417 253 458 in
277 431 420 458 rerum
443 420 599 458 natura
618 419 796 471 totoque
823 417 980 459 mundo
1006 420 1265 469 constarent,
1291 432 1415 472 quae-

74 490 155 531 que
192 478 484 529 moverentur,
529 490 579 517 ea
617 476 869 517 contrahere
909 476 1162 529 amicitiam,
1206 476 1416 531 dissipare

73 534 341 576 discordiam.
390 534 534 588 Atque
561 534 641 576 hoc
667 535 838 589 quidem
864 549 1011 577 omnes
1043 535 1249 577 mortales
1282 539 1326 576 et
1356 535 1416 576 in-

72 593 287 649 tellegunt
326 595 369 634 et
406 607 451 634 re
487 593 687 648 probant.
748 592 919 648 Itaque,
960 594 996 635 si
1034 594 1203 648 quando
1242 593 1417 648 aliquod

73 651 263 694 officium
302 651 448 692 extitit
485 652 611 693 amici
641 652 687 693 in
728 652 930 707 periculis
976 655 1050 694 aut
1093 652 1297 694 adeundis
1342 655 1416 694 aut

21 722 54 747 ¹0
74 710 455 763 communicandis,
488 711 582 765 quis
615 713 697 765 est,
730 711 803 765 qui
833 711 877 752 id
907 725 994 752 non
1025 711 1225 753 maximis
1257 711 1417 753 ecferat

72 769 301 812 laudibus?
352 768 434 818 Qui
462 770 671 811 clamores
703 772 798 811 tota
828 784 959 811 cavea
988 784 1125 824 nuper
1155 770 1200 811 in
1230 770 1416 825 hospitis

73 831 116 870 et
148 828 274 870 amici
305 828 389 870 mei
420 827 475 869 M.
507 828 667 870 Pacuvi
697 842 810 870 nova
850 828 1015 869 fabula!
1061 843 1156 870 cum
1188 829 1417 885 ignorante

71 901 192 943 rege,
228 889 324 928 uter
356 886 530 928 Orestes
561 891 681 937 esset,
717 887 892 940 Pylades
923 886 1120 929 Orestem
1158 902 1202 929 se
1234 902 1327 930 esse
1360 888 1417 930 di-

73 949 198 1000 ceret,
223 948 272 987 ut
296 960 374 1001 pro
400 946 478 988 illo
503 948 738 1000 necaretur,
765 945 938 987 Orestes
965 948 1122 996 autem,
1150 946 1213 987 ita
1237 949 1286 988 ut
1312 949 1417 1002 erat,

21 1016 53 1042 15
73 1005 269 1047 Orestem
302 1018 348 1046 se
379 1018 472 1046 esse
503 1007 809 1059 perseveraret.
870 1002 1045 1046 Stantes
1077 1005 1342 1060 plaudebant
1373 1006 1418 1047 in

73 1078 117 1105 re
160 1063 282 1117 ficta3
332 1063 434 1117 quid
469 1063 741 1105 arbitramur
783 1063 828 1104 in
871 1077 975 1105 vera
1017 1063 1208 1106 facturos
1253 1064 1416 1106 fuisse?

71 1122 215 1164 Facile
247 1122 465 1164 indicabat
495 1122 591 1177 ipsa
621 1125 778 1164 natura
805 1121 894 1163 vim
920 1136 1054 1176 suam,
1086 1137 1184 1164 cum
1208 1122 1417 1174 homines,

73 1181 187 1236 quod
216 1180 357 1222 facere
387 1180 472 1236 ipsi
502 1195 590 1223 non
620 1183 816 1236 possent,
856 1180 901 1222 id
931 1183 1046 1223 recte
1077 1181 1171 1223 fieri
1202 1181 1248 1223 in
1278 1182 1416 1224 altero

72 1240 323 1282 iudicarent.

20 1311 53 1335 20
159 1298 380 1341 Hactenus
418 1298 526 1340 mihi
561 1298 709 1340 videor
747 1298 797 1340 de
835 1298 1026 1340 amicitia
1067 1298 1169 1353 quid
1213 1299 1417 1341 sentirem

71 1358 265 1414 potuisse
298 1357 452 1411 dicere3
491 1357 528 1398 si
566 1372 674 1412 quae
706 1359 929 1412 praeterea
961 1360 1061 1399 sunt
1095 1356 1238 1413 (credo
1272 1361 1416 1400 autem

73 1431 166 1459 esse
197 1416 373 1472 multa),
411 1416 465 1458 ab
497 1416 568 1470 iis,
607 1416 644 1458 si
674 1416 909 1467 videbitur,
947 1416 1021 1471 qui
1057 1416 1144 1458 ista
1182 1416 1416 1472 disputant,

74 1476 329 1531 quaeritote.

159 1535 358 1578 FANNIUS.
403 1533 494 1576 Nos
522 1537 667 1576 autem
693 1549 718 1575 a
742 1536 785 1576 te
807 1534 971 1589 potius3
997 1548 1260 1589 quamquam
1281 1534 1415 1576 etiam

38 1603 55 1629 ⁵
73 1594 129 1636 ab
159 1593 257 1635 istis
289 1608 416 1648 saepe
449 1593 641 1647 quaesivi
667 1595 710 1635 et
736 1593 879 1635 audivi
903 1607 991 1635 non
1015 1593 1177 1635 invitus
1204 1593 1418 1648 equidem,

73 1652 147 1695 sed
179 1652 296 1694 aliud
329 1652 544 1707 quoddam
575 1652 698 1693 filum
731 1651 941 1694 orationis
972 1654 1084 1694 tuae.

160 1711 377 1754 Samma.
439 1710 550 1752 Tum
581 1710 722 1767 magis
753 1711 797 1752 id
829 1710 1007 1765 diceres,
1039 1710 1188 1766 Fanni,
1220 1711 1257 1752 si
1281 1726 1418 1766 nuper

71 1771 117 1812 in
141 1770 281 1812 hortis
301 1769 526 1825 Scipionis,
558 1784 653 1812 cum
679 1772 746 1811 est
774 1770 824 1811 de
855 1784 901 1812 re
932 1770 1106 1825 publica
1137 1770 1417 1825 disputatum,

74 1829 296 1872 adfuisses.
359 1828 506 1878 Qualis
545 1831 638 1870 tum
675 1831 884 1884 patronus
921 1828 1114 1871 iustitiae
1150 1829 1234 1871 fuit
1265 1832 1417 1871 contra

38 1897 55 1923 ⁰
75 1891 320 1931 accuratam
353 1889 593 1930 orationem
624 1887 757 1929 Phili!

160 1948 357 1991 Fames.
400 1946 543 1990 Facile
563 1946 607 1988 id
628 1947 798 2002 quidem
816 1946 913 2000 fuit,
944 1946 1158 1989 iustitiam
1176 1947 1416 1990 iustissimo

73 2007 166 2049 viro
199 2006 434 2048 defendere.

161 2064 377 2108 Scan-vom.
426 2064 565 2114 Quid?
597 2065 831 2108 amicitiam
856 2079 997 2106 nonne
1021 2064 1148 2107 facile
1180 2065 1230 2119 ei,
1262 2065 1335 2120 qui
1362 2066 1416 2108 ob

74 2138 168 2166 eam
195 2139 362 2166 summa
381 2124 475 2176 fide,
501 2124 746 2167 constantia
764 2124 1015 2178 iustitiaque
1035 2127 1252 2166 servatam
1272 2139 1417 2166 maxu-

40 2193 55 2218 ⁵
75 2198 191 2225 mam
224 2183 408 2239 gloriam
440 2184 630 2239 ceperit?

161 2242 352 2285 Lautus.
400 2241 501 2284 Vim
532 2243 614 2286 hoc
640 2242 812 2298 quidem
838 2244 903 2284 est
935 2241 1112 2284 adferre.
1161 2241 1272 2292 Quid
1303 2242 1417 2284 enim

71 2300 217 2354 refert,
249 2316 334 2356 qua
363 2316 431 2343 me
462 2301 629 2344 ratione
661 2301 858 2357 cogatis?
889 2301 1046 2356 cogitis
1078 2303 1204 2343 certe.
1254 2300 1415 2343 Studiis

1441 312 1484 342 24

1442 1545 1487 1577 25

1442 2227 1487 2310 {a
