1663 2490
188 60 241 102 16
712 60 775 94 DE
802 59 1000 95 OFFICIIS

184 169 300 222 post,
346 168 459 222 quod
503 183 547 210 se
590 168 775 209 oblitum
818 167 960 209 nescio
1005 167 1107 222 quid
1151 167 1328 222 diceret3
1376 168 1524 210 deinde

185 240 383 282 egressus
422 241 444 268 e
483 227 636 269 castris
674 227 764 267 iure
802 226 980 267 iurando
1019 240 1064 267 se
1103 226 1292 268 solutum
1329 227 1525 281 putabat,

184 287 229 326 et
265 288 358 327 erat
394 286 555 339 verbis,
593 299 637 326 re
674 299 761 326 non
798 287 902 326 erat.
964 283 1140 339 Semper
1177 288 1322 326 autem
1360 286 1406 327 in
1442 285 1525 327 fide

186 344 287 398 quid
313 344 510 398 senseris,
534 358 622 385 non
642 343 743 398 quid
764 343 932 397 dixeris,
958 343 1246 399 cogitandum.
1289 343 1525 385 Maximum

186 405 330 444 autem
362 403 603 457 exemplum
635 405 701 443 est
732 402 923 443 iustitiae
954 402 1000 443 in
1030 402 1201 444 hostem
1233 417 1258 443 a
1289 402 1525 444 maioribus
1562 415 1579 440 ⁵

184 462 345 502 nostris
390 461 692 514 constitutum,
736 475 831 502 cum
873 475 898 502 a
933 460 1099 515 Pyrrho
1138 460 1321 516 perfuga
1359 462 1527 503 senatui

186 522 251 561 est
288 520 508 575 pollicitus
547 534 592 560 se
629 534 838 561 venenum
876 520 969 574 regi
1008 519 1209 561 daturum
1247 522 1289 561 et
1328 535 1423 561 eum
1458 535 1527 561 ne-

186 581 400 633 caturum,
444 581 617 620 senatus
663 581 705 619 et
748 576 792 619 C.
832 576 1053 619 Fabricius
1097 578 1322 633 perfugam
1359 578 1525 633 Pyrrho

187 637 359 678 dedidit.
420 637 487 678 Ita
524 651 577 677 ne
614 636 754 678 hostis
790 636 960 690 quidem
992 639 1036 678 et
1066 637 1256 691 potentis
1290 639 1332 678 et
1363 638 1526 679 bellum

112 704 157 736 41
186 696 300 737 ultro
321 695 544 737 inferentis
570 695 793 736 interitum
818 710 914 737 cum
941 696 1098 737 scelere
1125 696 1413 750 approbavit]
1463 696 1528 737 Ac
1548 709 1580 733 10

188 755 238 796 de
269 754 436 796 bellicis
469 754 639 808 quidem
672 754 824 795 officiis
857 754 962 795 satis
996 754 1156 795 dictum
1189 756 1265 795 est.
1326 754 1527 796 Memine-

186 813 320 854 rimus
359 816 502 854 autem
547 813 676 854 etiam
720 813 923 854 adversus
966 812 1136 854 infimos
1180 813 1391 854 iustitiam
1435 828 1527 855 esse

188 872 452 914 servandam.
502 871 583 913 Est
609 874 753 913 autem
778 871 927 913 infima
952 871 1142 913 condicio
1169 874 1212 912 et
1236 871 1411 913 fortuna
1443 887 1527 913 ser-

188 945 356 985 vorum,
401 931 554 985 quibus
591 945 678 972 non
716 930 827 972 male
864 930 1133 985 praecipiunt
1170 930 1243 984 qui
1280 930 1343 972 ita
1378 931 1527 972 iubent
1631 965 1633 968 ,

188 989 262 1043 uti,
294 992 342 1031 ut
374 989 692 1031 mercennariis:
732 1004 907 1044 operam
945 989 1216 1045 exigendam,
1253 989 1369 1030 iusta
1405 1005 1526 1056 prae·
1548 1001 1581 1027 1⁵
1629 1031 1631 1043 ἱ

188 1048 338 1090 benda.
400 1047 507 1090 Cum
540 1051 683 1089 autem
716 1048 880 1089 duobus
912 1048 1068 1101 modis,
1099 1048 1143 1089 id
1175 1050 1240 1089 est
1272 1051 1346 1089 aut
1378 1048 1420 1090 vi
1452 1051 1527 1090 aut
1628 1047 1630 1063 '¹

187 1107 347 1161 fraude,
378 1107 455 1148 fiat
485 1107 658 1160 iniuria,
689 1106 807 1148 fraus
841 1107 963 1161 quasi
995 1081 1261 1161 vuipeculae,
1292 1107 1358 1148 vis
1389 1107 1526 1148 leonis

187 1166 372 1220 videtur3
397 1169 626 1219 utrumque
645 1166 818 1207 homine
844 1165 1165 1220 alienissimum,
1191 1166 1265 1206 sed
1282 1165 1401 1207 fraus
1429 1166 1526 1208 odio

189 1225 318 1281 digna
338 1225 509 1266 maiore.
553 1224 704 1266 Totius
725 1227 868 1266 autem
891 1224 1128 1266 iniustitiae
1152 1225 1274 1266 nulla
1299 1225 1528 1280 capitalior

189 1299 318 1338 quam
344 1298 503 1338 eorum,
536 1283 608 1338 qui
632 1286 736 1337 tum,
768 1298 863 1325 cum
894 1283 1078 1324 maxime
1102 1282 1272 1337 fallunt,
1303 1283 1347 1325 id
1380 1279 1580 1339 agunt‚‘2o
1622 1311 1625 1338 3

146 1345 235 1410 Aut
266 1343 348 1384 viri
378 1342 481 1384 boni
514 1356 605 1384 esse
636 1342 872 1383 videantur.
921 1342 986 1383 De
1017 1342 1185 1383 iustitia
1216 1342 1322 1383 satis
1354 1342 1525 1384 dictum.

119 1386 173 1463 ἐξ
275 1401 505 1455 Deinceps,
543 1403 592 1442 ut
623 1403 715 1442 erat
752 1401 1040 1456 propositum,
1078 1400 1128 1441 de
1166 1401 1447 1443 beneficentia
1478 1416 1527 1443 ac

189 1460 239 1501 de
270 1460 533 1502 liberalitate
566 1460 748 1513 dicatur,
790 1474 875 1514 qua
906 1459 1078 1514 quidem
1109 1459 1218 1500 nihil
1251 1462 1316 1501 est
1346 1463 1526 1501 naturae

188 1519 375 1560 hominis
408 1518 787 1572 accommodatius,
825 1518 898 1560 sed
935 1518 1068 1560 habet
1104 1518 1264 1559 multas
1295 1519 1526 1560 cautiones.

187 1578 429 1620 Videndum
455 1580 521 1619 est
547 1577 671 1631 enim,
703 1578 889 1632 primum
915 1591 967 1618 ne
994 1576 1109 1618 obsit
1133 1577 1379 1632 benignitas
1405 1580 1448 1618 et
1472 1577 1525 1618 iis
1546 1590 1579 1614 25

188 1637 306 1692 ipsis,
338 1636 492 1691 quibus
524 1636 708 1691 benigne
734 1636 948 1677 videbitur
975 1636 1079 1689 fieri,
1111 1638 1154 1677 et
1179 1636 1343 1690 ceteris,
1376 1636 1526 1678 deinde

188 1710 241 1737 ne
273 1695 410 1737 maior
441 1695 686 1750 benignitas
719 1695 776 1735 sit
808 1710 935 1749 quam
965 1694 1213 1748 facultates,
1243 1697 1336 1735 tum
1368 1698 1416 1736 ut
1446 1709 1525 1749 pro

190 1755 400 1810 dignitate
431 1754 582 1808 cuique
613 1754 847 1807 tribuatur,
884 1754 928 1794 id
964 1753 1077 1795 enim
1114 1755 1180 1794 est
1212 1753 1402 1794 iustitiae
1433 1753 1526 1795 fun-

190 1813 448 1866 damentum,
476 1813 529 1854 ad
555 1827 684 1867 quam
709 1813 814 1854 haec
839 1812 1060 1854 referenda
1086 1814 1184 1852 sunt
1210 1812 1364 1853 omnia.
1410 1811 1524 1854 Nam
1644 1850 1657 1863 ,Δ

190 1875 233 1914 et
264 1872 336 1926 qui
369 1871 669 1927 gratificantur
694 1871 891 1926 cuipiam,
923 1871 1034 1925 quod
1061 1870 1174 1912 obsit
1199 1870 1277 1924 illi,
1307 1871 1376 1912 cui
1401 1871 1524 1925 prod-
1545 1883 1577 1908 30
1609 1892 1612 1924 ,ᾗ
1652 1900 1654 1906 ι

190 1945 281 1972 esse
307 1931 418 1972 velle
443 1930 686 1984 videantur,
718 1945 806 1972 non
830 1929 1007 1971 benefici
1032 1943 1168 1983 neque
1200 1930 1419 1984 liberales,
1452 1930 1525 1971 sed
1610 1930 1611 1934 ’

189 1989 419 2045 perniciosi
445 1989 740 2030 adsentatores
765 1988 978 2030 iudicandi
1004 1990 1114 2042 sunt,
1147 1991 1189 2029 et
1220 1988 1293 2042 qui
1324 1988 1421 2030 aliis
1451 2003 1525 2031 no-

190 2050 299 2103 cent,
323 2050 372 2089 ut
396 2048 441 2089 in
466 2048 574 2089 alios
594 2048 795 2089 liberales
827 2047 927 2102 sint,
950 2047 995 2088 in
1015 2047 1161 2088 eadem
1182 2050 1282 2088 sunt
1300 2047 1524 2102 iniustitia,

124 2116 163 2147 13
190 2110 239 2148 ut
282 2107 319 2148 si
361 2107 407 2148 in
449 2121 571 2148 suam
609 2121 698 2148 rem
736 2106 877 2148 aliena
912 2108 1175 2147 convertant.
1236 2106 1345 2147 Sunt
1381 2109 1525 2148 autem

190 2165 328 2220 multi,
361 2169 404 2207 et
435 2165 605 2220 quidem
636 2165 779 2220 cupidi
811 2164 1048 2220 splendoris
1074 2167 1117 2206 et
1143 2165 1318 2220 gloriae,
1351 2165 1423 2219 qui
1448 2165 1525 2206 eri·
1545 2176 1577 2202 ⁸⁵
1604 2199 1605 2207 ,

191 2224 315 2279 piunt
346 2224 455 2277 aliis,
487 2224 600 2279 quod
632 2225 728 2265 aliis
760 2224 1011 2279 largiantur,
1042 2223 1156 2277 iique
1188 2224 1455 2265 arbitrantur
1481 2238 1526 2265 se

192 2283 401 2325 beneficos
433 2283 478 2324 in
510 2297 609 2324 suos
641 2283 800 2325 amicos
832 2283 971 2324 visum
1002 2282 1067 2336 iri,
1099 2282 1134 2323 si
1160 2282 1424 2338 locupletent
1453 2297 1525 2324 eos
