1673 2505
601 97 700 133 CAP.
730 103 760 141 1,
788 102 819 132 2.
872 101 890 140 ἓ
918 102 1017 134 1-6.
1393 101 1478 141 419

143 221 237 248 sum
268 206 429 248 crimen
459 206 584 247 bonis
618 205 816 247 obiectat.
866 203 1025 252 Quodsi
1056 205 1146 245 vita
1171 205 1296 246 istius
1323 220 1470 248 memo·

142 266 251 307 riam
282 264 445 317 vicerit,
476 264 610 317 illam,
641 266 787 319 patres
813 263 1056 317 conscripti,
1086 277 1174 304 non
1199 278 1247 303 ex
1274 264 1479 318 oratione,

143 323 216 365 sed
242 337 292 364 ex
318 323 508 364 moribus
536 323 623 364 suis
650 324 843 377 spectare
864 321 1085 362 debebitis.
1129 321 1220 362 Iam
1248 321 1357 363 dabo
1385 336 1479 376 ope-

141 396 246 436 ram,
278 396 406 436 quam
439 381 622 422 maxime
653 383 846 435 potuero,
877 380 1005 421 breve
1036 383 1084 421 ut
1115 379 1283 421 faciam.
1329 378 1478 434 Neque

106 457 122 483 5
141 441 246 482 haec
278 440 502 482 altercatio
533 441 683 481 nostra
713 438 836 480 vobis
868 438 1035 479 inutilis
1069 439 1167 492 erit,
1207 441 1352 493 patres
1385 453 1479 480 con-

127 499 312 554 'scripti3
349 499 600 553 plerumque
639 497 752 539 enim
790 511 857 538 res
895 497 1069 551 publica
1106 497 1288 552 privatis
1327 498 1479 539 crescit

141 558 389 611 inimicitiis,
420 557 494 598 ubi
525 571 650 597 nemo
683 555 787 597 civis
820 555 959 610 qualis
989 556 1045 597 sit
1071 556 1136 598 vir
1161 558 1306 611 potest
1331 556 1477 597 latere.

229 615 421 658 Primum
452 615 598 671 igitur,
630 614 831 669 quoniam
864 614 1053 656 omnium
1085 615 1268 657 maiores
1295 613 1340 657 C.
1361 613 1479 656 Salu—
1505 600 1530 640 2

142 675 250 717 stius
289 674 343 716 ad
379 689 511 715 unum
549 673 791 728 exemplum
827 675 869 714 et
900 674 1095 729 regulam
1128 673 1313 728 quaerit,
1351 673 1479 714 velim

90 750 122 776 w
142 733 249 775 mihi
273 733 542 787 respondeat,
573 747 675 773 num
703 732 804 786 quid
834 732 925 786 hos,
958 747 1063 786 quos
1095 732 1290 787 protulit,
1322 730 1480 787 Scipio-

141 806 216 834 nes
250 795 292 834 et
316 791 515 833 Metellos
549 793 648 832 ante
673 790 703 844 †
733 790 895 832 fuerint
927 793 1001 832 aut
1037 791 1250 846 opinionis
1283 793 1358 832 aut
1389 791 1480 846 glo-

141 851 242 905 riae,
274 865 403 905 quam
435 865 507 892 eos
538 864 606 891 res
639 864 739 891 suae
773 852 920 904 gestae
949 852 991 890 et
1017 850 1108 891 vita
1132 849 1480 892 innocentissime

141 912 239 952 acta
276 909 602 952 commendavit.
664 907 823 957 Quodsi
860 908 941 950 hoc
971 908 1054 949 fuit
1085 908 1171 949 illis
1206 908 1377 950 initium
1408 923 1482 950 no-

142 968 269 1010 minis
308 971 350 1010 et
394 968 638 1023 dignitatis,
680 982 754 1009 cur
796 982 883 1008 non
927 982 1058 1021 aeque
1100 967 1226 1009 nobis
1270 967 1481 1009 existime-

90 1043 122 1067 15
143 1031 233 1082 tur,
269 1027 388 1069 cuius
426 1030 469 1068 et
505 1040 572 1067 res
605 1029 752 1081 gestae
783 1025 975 1067 illustres
1009 1028 1051 1067 et
1082 1026 1173 1067 vita
1202 1026 1481 1082 integerrime

143 1086 271 1128 acta?
345 1085 477 1134 Quasi
520 1099 620 1126 vero
664 1087 713 1126 tu
757 1084 816 1125 sis
861 1085 914 1125 ab
957 1084 1067 1136 illis,
1117 1083 1299 1139 Salusti,
1343 1087 1481 1138 ortus3

143 1144 296 1199 quodsi
321 1158 449 1197 esses,
479 1158 566 1185 non
589 1143 733 1184 nullos
760 1143 847 1184 iam
871 1146 971 1184 tuae
996 1143 1277 1197 turpitudinis
1302 1144 1481 1199 pigeret.
1535 1151 1542 1158 ”

141 1203 237 1259 Ego
267 1202 501 1245 maioribus
534 1201 639 1243 meis
665 1202 826 1243 virtute
852 1216 946 1242 mea
971 1202 1177 1256 praeluxi,
1208 1204 1268 1256 ut,
1300 1203 1336 1243 si
1362 1202 1480 1257 prius

142 1262 236 1303 noti
270 1276 358 1303 non
392 1260 583 1314 fuerunt,
625 1276 649 1302 a
686 1275 753 1301 me
792 1260 1003 1314 accipiant
1039 1260 1211 1302 initium
1250 1262 1481 1302 memoriae

90 1335 123 1360 20
144 1335 263 1375 suae,
293 1323 342 1362 tu
367 1320 453 1361 tuis
479 1320 605 1373 vitae,
632 1334 760 1373 quam
786 1320 972 1374 turpiter
1001 1319 1140 1374 egisti,
1171 1334 1353 1375 magnas
1380 1320 1482 1362 offu-

144 1379 246 1421 disti
276 1379 489 1433 tenebras,
520 1381 585 1431 ut,
617 1378 787 1419 etiamsi
816 1378 978 1419 fuerint
1010 1378 1174 1434 egregii
1205 1379 1335 1432 cives,
1368 1382 1482 1420 certe

143 1438 339 1480 venerint
381 1437 427 1479 in
469 1437 741 1479 oblivionem.
815 1436 954 1485 Quare
997 1437 1087 1478 noli
1130 1437 1237 1478 mihi
1281 1438 1481 1492 antiquos

145 1497 259 1539 viros
286 1497 511 1539 obiectare.
561 1494 705 1537 Satius
731 1498 797 1537 est
823 1496 936 1537 enim
961 1510 1028 1537 me
1053 1496 1159 1537 meis
1185 1497 1313 1538 rebus
1345 1497 1480 1553 gestis

142 1556 294 1598 florere
327 1570 455 1610 quam
488 1555 698 1596 maiorum
731 1555 939 1609 opinione.
960 1554 1041 1596 niti
1073 1557 1116 1596 et
1144 1555 1208 1596 ita
1238 1555 1403 1610 vivere,
1434 1558 1482 1597 ut

90 1627 125 1654 25
145 1615 227 1657 sim
257 1614 444 1670 posteris
476 1614 582 1655 meis
613 1613 854 1655 nobilitatis
881 1613 1052 1655 initium
1078 1616 1121 1656 et
1145 1614 1319 1655 virtutis
1346 1628 1481 1656 exem-

143 1674 275 1729 plum.
337 1672 486 1727 Neque
517 1687 584 1714 me
617 1687 710 1714 cum
742 1672 794 1714 iis
827 1672 1010 1714 conferri
1042 1672 1178 1727 decet,
1209 1675 1354 1728 patres
1387 1688 1481 1715 con-

144 1732 312 1787 scripti,
352 1732 425 1787 qui
460 1732 548 1773 iam
586 1731 857 1773 decesserunt
895 1731 1093 1786 omnique
1132 1731 1228 1774 odio
1261 1734 1408 1774 carent
1439 1735 1481 1773 et

143 1791 322 1844 invidia,
361 1790 435 1832 sed
473 1805 568 1832 cum
607 1790 685 1842 eis,
723 1790 796 1845 qui
832 1805 998 1832 mecum
1035 1805 1120 1832 una
1155 1791 1202 1832 in
1232 1805 1277 1832 re
1308 1791 1482 1846 publica

144 1850 306 1891 versati
331 1852 441 1891 sunt.
491 1847 573 1891 Sed
599 1849 636 1890 si
659 1848 815 1890 fuerim
841 1851 915 1890 aut
945 1849 990 1891 in
1020 1849 1256 1892 honoribus
1287 1849 1480 1905 petendis

92 1921 127 1947 30
144 1908 272 1950 nimis
312 1908 565 1950 ambitiosus
600 1907 703 1960 (non
736 1908 847 1950 hanc
879 1908 971 1950 dico
1003 1909 1254 1964 popularem
1286 1908 1481 1951 ambitio-

143 1982 261 2021 nem,
298 1967 416 2009 cuius
454 1982 521 2009 me
553 1967 789 2022 principem
827 1967 1049 2022 confiteor,
1087 1968 1161 2009 sed
1191 1968 1482 2023 illam'perni-

145 2027 306 2068 ciosam
344 2028 494 2068 contra
532 2026 668 2082 leges,
706 2025 823 2068 cuius
860 2026 1022 2081 primos
1061 2027 1229 2068 ordines
1268 2025 1480 2068 Salustius

146 2084 284 2142 duxit)
318 2087 392 2127 aut
422 2085 469 2126 in
500 2084 701 2140 gerundis
733 2084 1060 2140 magistratibus
1088 2088 1162 2128 aut
1192 2086 1238 2127 in
1268 2085 1482 2127 vindican-

146 2143 211 2186 dis
242 2143 464 2186 maleficiis
495 2147 585 2185 tam
618 2158 788 2185 severus
821 2146 896 2185 aut
923 2143 970 2185 in
994 2159 1039 2185 re
1064 2145 1238 2200 publica
1262 2147 1353 2186 tam
1379 2144 1483 2199 vigi-

91 2214 126 2240 85
146 2203 260 2257 lans,
292 2217 420 2258 quam
451 2205 500 2244 tu
531 2202 888 2258 proscriptionem
919 2217 1065 2258 vocas,
1096 2204 1220 2246 credo
1254 2203 1367 2258 quod
1397 2217 1483 2245 non

146 2275 292 2304 omnes
336 2261 401 2303 tui
444 2261 605 2303 similes
647 2261 881 2303 incolumes
924 2261 970 2303 in
1010 2263 1116 2304 urbe
1164 2262 1389 2304 vixissent:
1439 2264 1483 2303 at

147 2324 308 2375 quanto
341 2320 517 2362 meliore
547 2320 643 2362 loco
676 2335 742 2362 res
774 2320 948 2376 publica
980 2324 1133 2376 staret,
1171 2325 1205 2365 si
1245 2323 1294 2362 tu
1324 2335 1403 2376 par
1435 2335 1482 2362 ac

1197 2388 1269 2424 27*

1506 601 1515 618 C

1505 652 1526 682 4
