1663 2490
164 53 221 93 92
686 51 750 85 DE
776 50 974 86 OFFICHS

165 160 291 202 modo
324 175 374 201 ea
406 160 587 201 djscerm'
619 161 850 213 oporteret,
882 158 932 199 de
965 159 1128 200 duobus
1161 158 1388 214 generibus
1420 157 1502 212 pri·

167 220 247 260 mis
285 219 424 259 tribus
462 218 584 259 libris
624 217 870 271 explicavit,
913 217 962 258 de
999 217 1129 258 tertio
1168 219 1312 258 autem
1349 230 1503 272 genere

167 277 363 331 deinceps
402 291 446 317 se
485 276 658 330 scripsit
696 275 908 316 dicturum
946 290 1021 316 nec
1063 276 1245 316 exsolvit
1287 274 1348 328 id,
1392 275 1502 329 quod

119 348 139 378 8
166 336 436 391 promiserat.
498 333 620 382 Quod
653 348 700 374 eo
734 334 873 389 magis
912 334 1061 388 miror,
1103 334 1203 388 quia
1241 334 1449 388 scriptum
1481 349 1504 373 a

166 394 375 449 discipulo
421 393 510 434 eius
553 391 784 433 Posidonio
829 394 893 432 est
949 392 1132 446 triginta
1182 393 1302 433 annis
1347 391 1503 434 vixisse
1542 404 1560 428 5

164 452 436 505 Panaetium,
474 454 758 506 posteaquam
795 450 895 491 illos
928 450 1062 492 libros
1097 451 1309 492 edidisset.
1371 449 1504 499 Quem

165 513 307 553 locum
334 511 466 551 miror
492 525 517 551 a
541 508 773 550 Posidonio
805 509 993 550 breviter
1026 523 1117 550 esse
1148 511 1313 550 tactum
1344 509 1390 550 in
1419 509 1506 563 qui-

166 570 348 612 busdam
380 568 712 621 commentariis,
743 567 998 622 praesertim
1030 582 1125 608 cum
1155 568 1315 609 scribat
1339 567 1506 609 nullum

120 641 139 670 9
168 643 258 670 esse
280 629 422 668 locum
436 627 481 667 in
494 629 589 668 tota
606 626 882 681 philosophia
896 629 986 667 tam
1000 627 1298 667 necessarium.
1330 625 1506 667 Minime

166 701 267 728 vero
301 687 514 727 assentior
544 686 617 735 iis,
649 685 722 739 qui
752 688 913 740 negant
945 699 1040 726 eum
1072 685 1213 726 locum
1246 699 1270 725 a
1300 683 1506 726 Panaetio
1531 699 1562 722 ιο
1610 698 1613 699 ’

167 744 531 801 praetermissum,
557 744 631 785 sed
657 744 851 784 consulto
878 743 1087 794 relictum,
1113 757 1189 785 nec
1216 743 1388 784 omnino
1410 743 1507 784 scri-

168 804 354 845 bendum
378 803 523 856 fuisse,
551 803 650 856 quia
674 817 908 856 numquam
932 804 1079 857 posset
1110 802 1277 842 utilitas
1309 816 1405 843 cum
1436 802 1508 843 ho-

168 865 338 904 nestate
370 876 573 917 pugnare.
623 861 687 902 De
720 875 802 915 quo
829 861 1013 902 alterum
1039 863 1182 915 potest
1207 860 1366 902 habere
1392 860 1509 901 dubi-

167 921 396 975 tationem,
441 920 781 961 adhibendumne
823 919 954 960 fuerit
990 919 1072 961 hoc
1115 933 1267 975 genus,
1311 919 1424 973 quod
1466 919 1509 960 in

169 980 377 1021 divisione
414 978 596 1020 Panaeti
633 978 810 1019 tertium
848 981 930 1032 est,
968 993 1024 1019 an
1053 978 1180 1033 plane
1213 977 1508 1030 omittendum,
1530 990 1562 1016 15

170 1040 355 1080 alterum
387 1037 576 1079 dubitari
606 1051 693 1078 non
723 1039 880 1092 potest,
913 1037 1015 1091 quin
1048 1052 1073 1078 a
1102 1036 1310 1078 Panaetio
1342 1050 1509 1091 suscep-

169 1101 262 1139 tum
296 1097 363 1150 sit,
397 1097 470 1137 sed
502 1096 710 1137 relictum.
760 1095 874 1136 Nam
901 1095 973 1149 qui
999 1110 1020 1136 e
1052 1095 1259 1137 divisione
1290 1094 1511 1150 tripertita

169 1157 274 1198 duas
306 1158 452 1210 partes
493 1154 746 1208 absolverit,
784 1154 882 1196 huic
918 1168 1089 1195 necesse
1128 1156 1192 1194 est
1229 1156 1392 1195 restare
1429 1156 1510 1194 ter-

170 1216 296 1268 tiam3
336 1216 559 1268 praeterea
589 1213 633 1253 in
666 1216 854 1254 extremo
887 1213 998 1253 libro
1031 1213 1160 1254 tertio
1194 1212 1244 1254 de
1275 1212 1357 1254 hac
1387 1215 1509 1267 parte

104 1285 145 1316 ιο
171 1273 400 1328 pollicetur
433 1287 477 1313 se
511 1271 708 1326 deinceps
742 1285 833 1312 esse
866 1271 1088 1312 dicturum.
1151 1270 1328 1312 Accedit
1363 1271 1507 1312 eodem
1531 1284 1564 1309 το

172 1332 296 1373 testis
330 1331 521 1385 locuples
554 1330 827 1383 Posidonius,
866 1330 938 1383 qui
977 1330 1107 1370 etiam
1145 1330 1294 1371 scribit
1330 1329 1375 1371 in
1412 1344 1510 1384 qua-

172 1391 270 1432 dam
309 1390 495 1444 epistula
531 1388 576 1430 P.
613 1388 827 1429 Rutilium
864 1387 1025 1429 Rufum
1062 1388 1199 1429 dicere
1241 1389 1395 1442 solere,
1439 1389 1511 1442 qui

172 1449 425 1491 Panaetium
453 1447 657 1501 audierat,
682 1449 730 1488 ut
754 1461 879 1488 nemo
905 1447 1045 1501 pictor
1071 1449 1183 1488 esset
1202 1446 1413 1501 inventus,
1439 1447 1511 1501 qui

173 1510 217 1549 in
248 1506 337 1549 Coa
364 1506 530 1547 Venere
563 1520 657 1547 eam
688 1508 868 1560 partem,
901 1520 1028 1560 quam
1059 1505 1236 1560 Apelles
1266 1505 1509 1547 inchoatam

173 1566 430 1620 reliquisset,
451 1565 695 1606 absolveret
710 1565 815 1618 <oris
830 1564 942 1605 enim
957 1564 1231 1619 pulchritudo
1251 1564 1405 1618 reliqui
1424 1578 1511 1606 cor·
1532 1576 1565 1603 25

175 1625 289 1680 poris
316 1623 513 1665 imitandi
540 1638 659 1678 spem
686 1621 938 1678 auferebat),
972 1623 1031 1664 sic
1061 1637 1122 1676 ea,
1149 1637 1256 1677 quae
1280 1622 1510 1664 Panaetius

174 1682 534 1738 praetermisisset
555 1684 616 1734 [et
633 1696 721 1723 non
742 1681 1008 1736 perfecisset]
1030 1684 1207 1736 propter
1226 1695 1385 1736 eorum,
1405 1696 1512 1736 quae

122 1785 130 1793 ,
173 1742 438 1797 perfecisset,
470 1740 781 1795 praestantiam
812 1740 1026 1781 neminem
1057 1742 1338 1795 persecutum.

108 1781 147 1861 ,31³
262 1799 400 1848 Quam
439 1800 492 1841 ob
536 1813 627 1840 rem
674 1799 724 1840 de
767 1799 922 1840 iudicio
966 1798 1146 1840 Panaeti
1197 1798 1384 1840 dubitari
1426 1813 1546 1840 11011.

174 1861 337 1914 potest3
372 1862 539 1899 rectene
572 1860 715 1899 autem
747 1857 856 1898 hanc
887 1857 1062 1898 tertiam
1093 1859 1260 1912 partem
1293 1858 1346 1899 ad
1372 1857 1513 1911 exqui-
1532 1871 1566 1897 30

175 1917 354 1958 rendum
387 1917 575 1958 officium
608 1916 849 1957 adiunxerit
887 1931 941 1957 an
978 1930 1116 1969 secus,
1155 1916 1204 1957 de
1242 1930 1291 1957 eo
1329 1915 1513 1957 fortasse

176 1975 387 2030 disputari
418 1977 574 2029 potest.
636 1973 761 2028 Nam,
794 1974 882 2016 sive
913 1974 1143 2015 honestum
1181 1975 1321 2016 solum
1354 1975 1513 2016 bonum

177 2037 254 2084 est,
286 2036 333 2075 ut
366 2032 519 2075 Stoicis
551 2034 707 2088 placet,
738 2033 840 2087 sive,
872 2033 984 2087 quod
1015 2033 1244 2074 honestum
1271 2035 1349 2086 est,
1379 2033 1423 2074 id
1452 2033 1515 2074 ita

177 2107 389 2134 summum
427 2092 587 2133 bonum
626 2094 708 2146 est,
750 2106 874 2146 quem
913 2091 966 2133 ad
1004 2091 1178 2133 modum
1216 2091 1514 2146 Peripateticis

173 2151 331 2193 vestris
363 2150 543 2204 videtur,
576 2153 624 2191 ut
651 2150 794 2192 omnia
820 2165 869 2191 ex
896 2150 1034 2191 altera
1058 2152 1181 2204 parte
1207 2150 1420 2192 collocata
1444 2151 1513 2192 vix
1535 2160 1568 2187 35

175 2209 343 2251 minimi
374 2208 581 2250 momenti
613 2208 751 2250 instar
782 2209 983 2262 habeant,
1015 2208 1296 2250 dubitandum
1326 2223 1413 2251 non
1439 2211 1516 2261 est,

176 2268 281 2323 quin
310 2282 545 2321 numquam
581 2267 720 2322 possit
751 2267 919 2308 utilitas
951 2281 1047 2308 cum
1084 2267 1310 2309 honestate
1347 2271 1515 2309 conten-
