1663 2490
134 531 176 562 76

133 1020 186 1060 21

135 1071 176 1102 '17

137 1992 179 2023 78

205 63 285 104 158
518 61 642 96 CATO
668 60 824 95 MAIOR
848 59 913 94 DE
940 59 1218 95 SENEOTUTE

202 184 254 210 ne
285 168 604 211 crudelissimus
636 167 807 222 quidem
837 166 976 207 hostis
1007 166 1168 208 honore
1197 167 1442 221 sepulturae
1468 182 1533 209 ca-

202 242 294 269 rere
326 241 478 282 passus
511 229 587 281 est,
620 226 692 267 sed
724 225 916 280 legiones
946 227 1131 280 nostras,
1164 225 1276 279 quod
1309 224 1460 279 scripsi
1490 226 1535 266 in

203 285 468 340 Orioinibus,
523 285 567 326 in
617 298 713 325 eum
764 284 905 324 locum
957 297 1082 338 saepe
1131 283 1347 338 profectas
1404 284 1535 325 alacri

204 345 344 386 animo
379 346 421 385 et
453 345 606 396 erecto,
636 341 746 383 unde
779 355 824 382 se
854 341 1064 382 redituras
1095 356 1329 408 numquam
1355 341 1535 383 arbitra-

203 405 362 444 rentur.
424 400 545 449 Quod
577 400 711 455 igitur
744 386 1055 454 adulescentes,
1093 403 1136 441 et
1171 400 1202 441 11
1241 400 1411 454 quidem
1448 414 1536 442 non
1572 411 1587 437 ⁵

204 461 343 502 solum
375 459 548 513 indocti,
581 458 654 499 sed
685 458 815 499 etiam
846 458 1004 512 rustici,
1036 461 1324 513 contemnunt,
1352 458 1395 500 id
1422 458 1536 500 docti

205 533 325 560 senes
358 517 666 559 extimescent?
704 516 905 571 Omnino,
939 519 987 557 ut
1018 516 1124 558 mihi
1156 517 1325 571 quidem
1355 517 1538 571 videtur,

204 577 443 619 studiorum
470 576 660 618 omnium
680 575 857 617 satietas
877 575 991 617 vitae
1010 575 1114 617 facit
1134 575 1389 617 satietatem.
1429 574 1536 616 Sunt

203 635 411 690 pueritiae
444 634 585 676 studia
616 636 751 688 certa3
783 648 885 675 num
916 633 1050 689 igitur
1083 648 1132 675 ea
1163 633 1406 675 desiderant
1438 634 1536 675 adu·

203 693 441 735 lescentes‘?
486 695 586 734 sunt
615 692 801 734 ineuntis
840 692 1171 746 adulescentiae3
1213 707 1316 733 num
1353 706 1403 733 ea
1440 707 1534 734 con·
1557 703 1589 729 1⁰

203 755 323 793 stans
355 753 441 793 iam
479 751 660 805 requirit
698 753 835 804 aetas,
880 765 987 805 quae
1028 750 1167 792 media
1204 750 1386 792 dicitur?
1437 753 1537 792 sunt

204 811 334 852 etiam
366 810 456 851 eius
490 809 664 863 aetatis;
707 823 760 850 ne
799 823 847 850 ea
885 809 1054 863 quidem
1092 811 1353 863 quaeruntur
1395 809 1439 850 in
1477 823 1538 851 se-

202 871 391 923 nectute3
418 871 517 910 sunt
543 871 733 909 extrema
753 867 962 922 quaedam
984 867 1126 908 studia
1145 867 1396 921 senectutis3
1422 882 1536 923 ergo,

202 930 250 968 ut
282 927 551 982 superiorum
584 929 774 968 aetatum
813 926 954 967 studia
992 926 1206 980 occidunt,
1244 926 1303 968 sic
1341 926 1538 967 occidunt

204 986 334 1027 etiam
368 985 619 1039 senectutis3
652 985 765 1039 quod
790 999 886 1026 cum
912 984 1065 1039 evenit,
1091 984 1267 1026 satietas
1294 984 1408 1026 vitae
1433 987 1537 1026 tem·
1557 995 1589 1021 1⁵

203 1059 282 1100 pus
321 1047 538 1085 maturum
582 1043 734 1085 mortis
774 1043 922 1084 adfert.
983 1042 1083 1085 Non
1121 1043 1246 1084 enim*
1269 1043 1409 1096 video,
1453 1057 1537 1097 cur,

205 1103 304 1158 quid
336 1103 428 1158 ipse
461 1102 644 1144 sentiam
674 1103 723 1143 de
750 1104 899 1155 morte,
924 1116 1010 1143 non
1036 1101 1214 1143 audeam
1239 1102 1361 1143 vobis
1388 1102 1537 1156 dicere,

205 1162 317 1227 quod
350 1176 398 1203 eo
431 1175 601 1203 cernere
633 1160 739 1201 mihi
770 1135 922 1201 melius
954 1160 1118 1214 videor,
1159 1175 1241 1214 quo
1275 1161 1328 1202 ab
1361 1174 1409 1201 ea
1442 1175 1538 1214 pro-

203 1221 298 1275 pius
339 1221 501 1261 absum.
562 1219 658 1274 Ego
697 1221 863 1260 vestros
901 1221 1063 1273 patres,
1106 1218 1152 1259 P.
1190 1217 1351 1272 Scipio,
1394 1221 1537 1284 tuque,

204 1277 248 1320 C.
268 1278 400 1332 Laeli,
429 1278 544 1319 viros
571 1277 833 1318 clarissimos
859 1277 1048 1331 mihique
1075 1277 1368 1331 amicissimos,
1394 1277 1536 1318 vivere
1557 1289 1588 1313 20

206 1337 410 1390 arbitror,
455 1338 498 1377 et
535 1350 629 1377 eam
664 1336 833 1389 quidem
873 1336 1026 1389 vitam,
1070 1350 1176 1389 quae
1215 1338 1280 1376 est
1319 1336 1411 1376 sola
1447 1335 1538 1377 vita

203 1395 474 1437 nominanda.
535 1393 670 1447 Nam,
702 1394 802 1435 dum
834 1408 980 1435 sumus
1011 1394 1165 1435 inclusi
1196 1394 1241 1434 in
1270 1393 1338 1435 his
1370 1409 1536 1448 compa-

205 1454 329 1509 gibus
363 1453 572 1507 corporis,
609 1467 783 1493 munere
822 1452 1006 1506 quodam
1036 1452 1306 1494 necessitatis
1340 1455 1381 1494 et
1413 1453 1537 1508 gravi

204 1527 330 1567 opere
362 1511 678 1567 perfungimur3
722 1513 788 1552 est
825 1511 937 1552 enim
969 1511 1135 1552 animus
1167 1511 1364 1552 caelestis
1397 1526 1447 1552 ex
1479 1511 1536 1552 al-

203 1571 371 1612 tissimo
405 1570 620 1611 domicilio
653 1569 877 1624 depressus
911 1572 953 1610 et
986 1569 1108 1623 quasi
1140 1569 1354 1611 demersus
1386 1569 1431 1610 in
1455 1572 1537 1611 ter·
1558 1581 1590 1606 25

204 1644 308 1683 ram,
340 1630 481 1670 locum
512 1628 680 1669 divinae
705 1631 884 1669 naturae
911 1628 1238 1682 aeternitatique
1265 1628 1535 1670 contrarium.

205 1687 287 1729 Sed
314 1687 436 1729 credo
466 1686 565 1728 deos
591 1687 844 1728 inmortales
871 1686 1079 1741 sparsisse
1100 1687 1263 1729 animos
1288 1687 1334 1727 in
1359 1701 1540 1742 corpora

204 1747 409 1800 humana,
446 1748 495 1786 ut
527 1748 688 1799 essent,
720 1745 792 1799 qui
824 1747 960 1786 terras
992 1748 1231 1799 tuerentur,
1264 1745 1418 1799 quique
1450 1760 1538 1787 cae-

205 1805 379 1846 lestium
411 1804 603 1845 ordinem
635 1804 975 1858 contemplantes
1006 1804 1278 1845 imitarentur
1304 1819 1399 1845 eum
1424 1804 1538 1846 vitae

206 1863 331 1905 modo
365 1865 492 1917 atque
525 1862 780 1904 constantia.
841 1861 930 1904 Nec
961 1876 1028 1904 me
1060 1862 1200 1904 solum
1231 1862 1341 1904 ratio
1375 1876 1422 1904 ac
1458 1862 1538 1903 dis·
1559 1874 1592 1899 30

206 1922 373 1977 putatio
405 1921 590 1975 impulit,
622 1923 671 1961 ut
701 1921 764 1962 ita
795 1921 1025 1975 crederem,
1063 1921 1136 1961 sed
1172 1921 1377 1962 nobilitas
1410 1921 1537 1962 etiam

207 1994 470 2022 summorum
507 1979 865 2038 philosophorum
908 1982 951 2020 et
994 1979 1238 2021 auctoritas.
1300 1979 1539 2021 Audiebam

206 2038 500 2093 Pythagoram
543 2032 943 2093 Pyfflagoreosque,
984 2037 1145 2079 incolas
1183 2052 1317 2092 paene
1354 2041 1539 2093 nostros,

208 2097 280 2151 qui
313 2100 455 2138 essent
486 2096 628 2138 Italici
659 2096 907 2161 philosophi
923 2096 1147 2162 ‘quondam
1171 2096 1394 2150 nominati,
1421 2111 1539 2138 num-

208 2170 337 2210 quam
369 2155 605 2208 dubitasse,
647 2154 749 2208 quin
781 2169 831 2195 ex
864 2154 1059 2196 universa
1090 2157 1230 2195 mente
1263 2155 1406 2196 divina
1437 2155 1540 2196 deli-
1560 2166 1591 2192 35

207 2215 333 2255 batos
355 2213 519 2254 animos
541 2213 808 2254 haberemus.
851 2212 1272 2254 Demonstrabantur
1297 2213 1403 2254 mihi
1422 2228 1540 2268 prae-

208 2275 339 2326 terea,
360 2286 467 2326 quae
488 2270 685 2313 Socrates
707 2285 905 2327 supremo
926 2272 1040 2313 vitae
1068 2271 1133 2312 die
1160 2271 1209 2313 de
1229 2271 1541 2314 inmortalitate
