1663 2490
128 865 171 896 24

132 1745 173 1775 25

193 45 251 86 64
719 41 783 77 DE
810 41 1009 76 orricns

193 151 398 193 tenendas
426 165 555 205 quam
587 149 710 204 diligi
740 164 817 190 nec
849 149 1029 190 alienius
1057 164 1184 204 quam
1211 150 1366 191 timeri.
1410 149 1534 192 Prae-

194 211 309 252 clare
341 208 455 250 enim
486 208 671 250 Ennius:

254 267 407 316 Quem
438 269 686 320 metuunt,
719 265 953 319 oderunt3
986 280 1131 320 quem
1160 267 1375 321 quisque
1408 266 1535 321 6dit,

895 324 1113 378 periisse
1145 325 1357 380 expetit.

194 385 431 427 Multorum
463 386 607 425 autem
639 382 747 423 odiis
778 382 921 424 nullas
954 398 1054 438 opes
1086 398 1212 438 posse
1245 384 1466 438 obsistere,
1499 385 1535 425 si

195 446 322 485 antea
358 443 442 484 fuit
478 443 692 497 ignotum,
736 455 872 496 nuper
909 444 975 482 est
1011 442 1243 498 cognitum.
1305 441 1395 484 Nec
1432 457 1534 484 vero
1572 454 1585 479 ⁵

194 503 321 544 huius
342 501 515 556 tyranni
535 500 687 550 solum,
714 514 840 554 quem
860 500 990 541 armis
1011 515 1218 555 oppressa
1236 501 1417 556 pertulit
1437 501 1534 543 civi-

195 564 263 603 tas
297 576 345 602 ac
376 562 500 615 paret
531 573 627 600 cum
659 573 855 600 maxume
888 562 1070 612 mortuo,
1100 559 1300 600 interitus
1334 560 1535 612 declarat,

197 622 405 674 quantum
438 618 582 659 odium
613 617 834 659 hominum
867 618 1011 658 valeat
1043 617 1096 659 ad
1127 620 1303 672 pestem,
1336 619 1409 660 sed
1440 619 1535 660 reli-

197 693 378 733 quorum
411 677 572 718 similes
607 676 743 717 exitus
775 678 1070 730 tyrannorum,
1103 691 1284 730 quorum
1308 677 1423 718 haud
1447 677 1536 718 fere

198 737 425 792 quisquam
468 736 601 776 talem
645 735 868 776 interitum
913 735 1081 790 effugit3
1131 735 1270 776 malus
1315 736 1428 776 enim
1471 739 1536 777 est
1558 747 1590 771 10

197 798 341 837 custos
375 793 672 836 diuturnitatis
699 796 838 834 metus
865 796 1097 847 contraque
1123 794 1416 835 benivolentia
1439 794 1538 835 fide-

198 855 251 896 lis
283 855 351 895 vel
391 853 444 895 ad
481 852 827 907 perpetuitatem.
889 851 970 893 Sed
1007 852 1078 906 iis,
1119 852 1191 906 qui
1228 853 1271 893 vi
1309 867 1537 908 oppressos

197 913 377 968 imperio
411 914 618 965 coercent,
651 911 708 952 sit
740 925 840 952 sane
873 911 1114 952 adhibenda
1146 911 1344 966 saevitia,
1374 914 1423 953 ut
1455 912 1537 953 eris

197 973 242 1013 in
272 971 472 1023 famulos,
505 971 541 1011 si
573 970 699 1011 aliter
730 970 867 1011 teneri
898 984 985 1011 non
1015 973 1214 1024 possunt3
1256 970 1328 1024 qui
1359 985 1461 1012 vero
1493 971 1539 1012 in

198 1031 336 1072 libera
368 1030 543 1071 civitate
568 1029 631 1070 ita
657 1043 700 1069 se
726 1029 958 1083 instruunt,
988 1031 1037 1069 ut
1062 1031 1319 1083 metuantur,
1350 1029 1403 1070 iis
1429 1029 1537 1070 nihil
1560 1041 1590 1066 ¹5

197 1092 342 1144 potest
375 1103 467 1130 esse
500 1088 749 1129 dementius.
811 1086 1015 1136 Quamvis
1054 1087 1165 1128 enim
1202 1088 1288 1128 sint
1320 1087 1538 1129 demersae

197 1149 316 1204 leges
338 1147 516 1189 alicuius
544 1147 710 1201 opibus,
736 1146 930 1200 quamvis
950 1146 1170 1187 timefacta
1189 1146 1381 1200 libertas,
1408 1161 1538 1188 emer-

199 1209 307 1263 gunt
345 1209 491 1247 tamen
528 1205 632 1247 haec
674 1205 902 1259 aliquando
948 1208 1021 1246 aut
1064 1205 1229 1246 iudiciis
1274 1205 1418 1246 tacitis
1464 1208 1539 1247 aut

199 1265 377 1307 occultis
411 1265 460 1306 de
491 1264 653 1305 honore
686 1264 915 1319 suffragiis.
965 1264 1163 1305 Acriores
1194 1266 1337 1305 autem
1370 1279 1537 1305 morsus

198 1327 299 1366 sunt
331 1323 601 1364 intermissae
634 1322 848 1364 libertatis
883 1337 1010 1376 quam
1041 1325 1247 1364 retentae.
1310 1321 1431 1370 Quod
1461 1323 1538 1379 igi·
1560 1336 1592 1359 20

197 1385 269 1424 tur
305 1382 530 1423 latissume
568 1384 688 1436 patet
724 1396 860 1435 neque
906 1381 958 1422 ad
1001 1381 1345 1423 incolumitatem
1388 1382 1538 1433 solum,

200 1441 273 1482 sed
304 1442 434 1482 etiam
467 1441 520 1482 ad
558 1455 659 1495 opes
698 1443 741 1481 et
777 1440 1016 1494 potentiam
1053 1440 1170 1481 valet
1208 1440 1459 1495 plurimum,
1496 1441 1539 1481 id

200 1500 524 1554 amplectamur,
555 1502 603 1540 ut
635 1502 774 1540 metus
808 1499 939 1553 absit,
971 1499 1129 1540 caritas
1161 1499 1410 1540 retineatur.
1471 1499 1540 1540 Ita

198 1559 417 1611 facillime,
450 1572 557 1612 quae
589 1558 794 1611 volemus,
827 1560 869 1598 et
900 1557 1081 1611 privatis
1110 1557 1154 1598 in
1185 1558 1313 1599 rebus
1345 1560 1389 1599 et
1418 1558 1463 1599 in
1494 1573 1539 1599 re

198 1618 372 1672 publica
403 1631 722 1671 consequemur.
770 1615 943 1657 Etenim
976 1616 1048 1670 qui
1080 1631 1124 1658 se
1156 1616 1290 1658 metui
1321 1617 1479 1670 volent,
1514 1632 1539 1658 a
1559 1628 1592 1654 25

200 1677 354 1730 quibus
392 1678 653 1729 metuentur,
692 1675 861 1717 eosdem
900 1677 1095 1716 metuant
1132 1675 1215 1730 ipsi
1252 1689 1423 1717 necesse
1463 1678 1538 1716 est.

199 1735 309 1784 Quid
342 1735 454 1776 enim
488 1748 706 1776 censemus
734 1734 997 1788 superiorem
1023 1734 1148 1775 illum
1173 1733 1428 1788 Dionysium
1456 1749 1539 1788 quo

200 1794 391 1835 cruciatu
416 1793 586 1834 timoris
613 1793 714 1847 angi
739 1793 926 1846 solitum,
954 1792 1026 1847 qui
1052 1793 1212 1834 cultros
1234 1795 1427 1834 metuens
1447 1796 1539 1834 ton-

200 1853 337 1894 sorios
369 1852 575 1894 candente
607 1852 791 1893 carbone
823 1851 906 1892 sibi
939 1851 1145 1893 adurebat
1171 1851 1404 1906 capillum?
1439 1852 1539 1906 quid

200 1911 491 1952 Alexandrum
517 1910 754 1951 Pheraeum
787 1925 869 1964 quo
897 1910 1038 1951 animo
1065 1909 1221 1951 vixisse
1248 1910 1539 1951 arbitramur?
1559 1921 1592 1946 ³⁰

200 1970 284 2024 qui,
319 1972 368 2011 ut
400 1970 607 2024 scriptum
639 1969 835 2024 legimus,
868 1983 963 2010 cum
995 1983 1170 2010 uxorem
1196 1968 1371 2010 Theben
1399 1969 1540 2010 admo·

198 2028 301 2069 dum
334 2028 551 2083 diligeret,
584 2031 728 2068 tamen
761 2027 813 2068 ad
845 2042 939 2069 eam
972 2041 1022 2068 ex
1053 2027 1189 2081 epulis
1220 2027 1266 2068 in
1297 2028 1540 2069 cubiculum

200 2087 375 2128 veniens
408 2087 656 2140 barbarum,
695 2089 737 2127 et
774 2101 870 2127 eum
909 2085 1096 2140 quidem,
1137 2089 1185 2127 ut
1223 2086 1431 2140 scriptum
1463 2090 1540 2140 est,

201 2148 487 2200 conpunctum
519 2145 634 2186 notis
666 2144 902 2199 Thraeciis,
941 2144 1144 2186 destricto
1185 2144 1329 2200 gladio
1362 2145 1539 2186 iubebat

201 2205 362 2245 anteire
383 2203 772 2258 praemittebatque
799 2203 848 2244 de
876 2203 1158 2258 stipatoribus
1191 2203 1290 2257 suis,
1327 2204 1400 2258 qui
1425 2218 1537 2245 scru-
1558 2214 1591 2240 ³⁵

200 2265 396 2304 tarentur
428 2262 594 2303 arculas
627 2261 856 2303 muliebres
889 2264 944 2316 et,
975 2276 1026 2302 ne
1060 2262 1172 2317 quod
1198 2262 1242 2303 in
1267 2262 1536 2304 vestimentis
