1663 2490
380 57 470 94 LIB.
496 57 558 93 111.
599 57 698 94 CAP.
728 62 876 94 10—12.
915 62 934 100 s
958 61 1107 94 45—51.
1349 58 1432 100 105

91 166 215 208 dibus
252 166 498 207 obruerunt.
559 164 695 220 Atqui
732 166 806 207 ille
837 166 1074 208 utilitatem
1112 165 1231 220 sequi
1262 165 1430 207 videba-

90 228 178 278 tur3
210 224 284 266 sed
316 238 366 265 ea
396 224 518 265 nulla
549 227 642 266 erat
673 228 939 280 repugnante
969 224 1208 266 honestate.
1264 224 1429 265 Themi·
1458 235 1503 265 49

23 301 26 304 “
90 283 248 325 stocles
273 285 374 338 post
399 282 625 324 victoriam
652 283 741 325 eius
768 283 883 338 belli,
915 283 1028 338 quod
1054 298 1148 325 eum
1168 282 1311 324 Persis
1337 282 1430 337 fuit,

91 342 198 383 dixit
227 342 273 382 in
304 341 502 383 contione
535 355 578 382 se
609 342 768 384 habere
801 342 1027 384 consilium
1058 342 1119 383 rei
1145 341 1342 396 publicae
1369 355 1431 382 sa-

54 412 71 438 5
91 401 248 454 lutare,
280 400 354 442 sed
386 400 428 441 id
461 400 560 442 sciri
592 415 678 442 non
710 415 816 455 opus
849 415 959 455 esse3
990 400 1246 455 postulavit,
1277 403 1326 441 ut
1358 400 1431 441 ali-

90 473 216 514 quem
247 459 431 514 populus
466 458 598 513 daret,
631 459 800 514 quicum
827 459 1176 513 communicaret3
1209 459 1334 500 datus
1367 461 1433 500 est

89 518 321 572 Aristides3
362 517 460 559 huic
491 518 583 571 ille,
620 519 801 560 classem
833 518 1285 571 Lacedaemoniorum,
1323 532 1432 572 quae

90 577 300 618 subducta
331 579 445 618 esset
477 576 530 618 ad
562 576 798 632 Gytheum,
829 579 938 620 elam
969 577 1136 619 incendi
1167 591 1315 632 posse,
1348 591 1431 630 quo

88 635 203 677 facto
223 635 367 691 frangi
383 635 819 678 Lacedaemoniorum
840 650 942 692 opes
962 650 1134 678 necesse
1155 638 1278 677 esset.
1311 634 1433 684 Quod

39 706 71 731 ιο
90 694 304 736 Aristides
337 709 432 736 cum
459 695 660 749 audisset,
691 695 737 736 in
762 696 1005 737 contionem
1032 709 1190 750 magna
1216 697 1430 750 exspecta-

89 753 206 795 tione
233 753 351 794 venit
378 753 568 808 dixitque
594 754 776 808 perutile
803 769 895 796 esse
922 754 1161 808 consilium,
1187 754 1300 808 quod
1325 753 1432 794 The-

90 812 309 854 mistocles
331 812 532 866 adferret,
558 812 631 854 sed
651 813 824 854 minime
844 813 1084 855 honestum.
1129 813 1280 867 Itaque
1301 811 1433 853 Athe-

88 872 271 925 nienses,
304 871 417 925 quod
447 872 677 913 honestum
708 886 795 913 non
827 874 951 926 esset,
982 872 1025 913 id
1050 886 1102 913 ne
1129 872 1235 913 utile
1262 871 1432 925 quidem

89 932 352 984 putaverunt
378 932 601 984 totamque
628 945 722 972 eam
749 945 850 985 rem,
878 945 1006 985 quam
1024 945 1077 972 ne
1098 930 1323 971 audierant
1344 930 1433 984 qui-

38 998 70 1026 15
91 990 198 1042 dem,
230 991 403 1030 auctore
436 989 627 1030 Aristide
653 989 998 1044 repudiaverunt.
1046 988 1199 1030 Melius
1232 988 1277 1029 hi
1305 1004 1432 1043 quam

89 1062 186 1100 nos,
219 1047 292 1102 qui
323 1047 487 1101 piratas
518 1047 736 1101 inmunes,
776 1048 914 1090 socios
945 1048 1180 1103 vectigales
1212 1047 1432 1089 habemus.

177 1105 352 1147 Maneat
390 1120 510 1162 ergo,
555 1107 668 1161 quod
705 1109 829 1162 turpe
867 1107 942 1161 sit,
985 1106 1028 1148 id
1064 1121 1300 1160 numquam
1342 1120 1433 1147 esse
1454 1108 1506 1148 12

89 1165 216 1218 utile,
248 1179 300 1206 ne
331 1167 424 1206 tum
457 1165 645 1220 quidem,
677 1180 772 1207 cum
797 1165 858 1220 id,
891 1165 1004 1220 quod
1036 1180 1127 1207 esse
1158 1166 1265 1206 utile
1297 1167 1433 1220 putes,

91 1224 347 1279 adipiscare3
378 1224 460 1266 hoc
492 1224 605 1266 enim
637 1225 796 1279 ipsum,
827 1225 933 1266 utile
966 1227 1131 1280 putare,
1164 1224 1277 1278 quod
1308 1227 1433 1279 turpe

38 1295 72 1321 20
92 1284 165 1337 sit,
209 1283 509 1325 calamitosum
553 1286 629 1325 est.
697 1282 779 1325 Sed
815 1283 1026 1337 incidunt,
1069 1286 1118 1325 ut
1163 1298 1293 1338 supra
1336 1283 1433 1337 dixi,
1461 1293 1508 1326 50

92 1357 217 1397 saepe
250 1356 414 1396 causae,
446 1357 541 1384 cum
572 1357 814 1398 repugnare
845 1343 1014 1384 utilitas
1045 1342 1265 1383 honestati
1295 1341 1434 1383 videa-

91 1404 179 1455 tur,
222 1404 272 1442 ut
315 1401 741 1443 animadvertendum
785 1401 860 1456 sit,
904 1404 1169 1457 repugnetne
1213 1401 1341 1456 plane
1380 1415 1434 1442 an

91 1459 231 1515 possit
262 1474 358 1502 eum
383 1460 611 1502 honestate
637 1460 851 1516 coniungi.
900 1460 1006 1502 Eius
1033 1460 1202 1516 generis
1228 1460 1309 1501 hae
1336 1462 1434 1501 sunt

93 1519 384 1573 quaestiones:
422 1519 459 1560 si
497 1519 681 1574 exempli
719 1519 861 1575 gratia
897 1520 963 1561 vir
994 1519 1132 1561 bonus
1164 1518 1435 1560 Alexandrea

38 1589 72 1616 25
91 1578 291 1620 Rhodum
317 1592 522 1633 magnum
546 1578 752 1620 frumenti
773 1593 999 1620 numerum
1020 1577 1239 1620 advexerit
1258 1578 1303 1618 in
1322 1578 1434 1619 Rho-

93 1637 261 1679 diorum
296 1637 444 1692 inopia
481 1639 524 1678 et
560 1636 674 1679 fame
715 1652 965 1692 summaque
1009 1651 1204 1678 annonae
1242 1636 1436 1691 caritate,

93 1696 129 1737 si
166 1695 278 1737 idem
316 1696 425 1738 sciat
462 1696 704 1751 complures
742 1699 1001 1738 mercatores
1041 1695 1312 1737 Alexandrea
1353 1696 1434 1737 sol-

91 1755 204 1796 visse
247 1769 463 1809 navesque
506 1756 551 1796 in
594 1769 719 1797 cursu
762 1755 979 1797 frumento
1025 1757 1201 1796 onustas
1239 1757 1436 1810 petentes

93 1813 292 1855 Rhodum
324 1814 492 1868 viderit,
524 1814 768 1856 dicturusne
801 1815 858 1856 sit
888 1814 932 1855 id
963 1814 1142 1855 Rhodiis
1175 1828 1230 1855 an
1262 1813 1434 1855 silentio

41 1884 74 1910 ³0
94 1887 217 1914 suum
249 1887 378 1927 quam
409 1873 596 1928 plurimo
622 1873 884 1915 venditurus.
934 1870 1180 1927 Sapientem
1207 1874 1250 1913 et
1275 1872 1435 1914 bonum

92 1931 232 1973 virum
263 1932 484 1987 fingimus3
516 1932 566 1973 de
599 1932 688 1974 eius
715 1932 1023 1974 deliberatione
1051 1934 1093 1973 et
1119 1931 1434 1974 consultatione

94 1991 349 2045 quaerimus,
382 1991 454 2045 qui
486 1991 700 2033 celaturus
733 1991 925 2033 Rhodios
955 2005 1043 2032 non
1075 1990 1142 2045 sit,
1175 1991 1211 2032 si
1242 1990 1286 2031 id
1309 1993 1434 2045 turpe

92 2049 261 2104 iudicet,
293 2050 366 2091 sed
398 2050 577 2104 dubitet,
610 2065 663 2091 an
695 2052 820 2105 turpe
851 2065 938 2092 non
970 2050 1036 2091 sit.
1086 2049 1136 2091 In
1166 2049 1293 2091 huius
1319 2049 1436 2091 modi
1462 2060 1503 2091 53

94 2109 232 2150 causis
271 2109 387 2150 aliud
424 2109 610 2165 Diogeni
646 2108 889 2162 Babylonio
927 2108 1062 2151 videri
1106 2109 1234 2163 solet,
1277 2122 1434 2164 magno

42 2178 76 2205 35
95 2169 138 2208 et
176 2168 298 2223 gravi
330 2166 492 2222 Stoico,
530 2168 647 2210 aliud
678 2168 930 2223 Antipatro,
968 2167 1177 2223 discipulo
1216 2166 1325 2222 eius,
1362 2168 1434 2208 ho-

94 2225 200 2267 mini
225 2227 484 2278 acutissimo.
529 2227 763 2282 Antipatro
790 2227 934 2269 omnia
964 2226 1271 2282 patefacienda,
1303 2229 1352 2267 ut
1382 2241 1435 2267 ne

95 2285 197 2339 quid
234 2286 425 2336 omnino,
470 2286 583 2341 quod
626 2286 822 2328 venditor
862 2286 996 2341 norit,
1041 2288 1209 2343 emptor
1252 2287 1434 2341 ignoret.
