1673 2505
226 101 311 143 340
740 98 1037 134 FRAGMENTA

616 233 684 272 XI.
727 233 797 270 DE
831 232 1162 271 VIRTUTIBUS.

316 326 350 366 1.
382 325 622 377 Hieronym.
654 326 858 365 comment.
889 324 934 364 in
959 323 1131 365 Zachar.
1147 323 1292 377 proph.
1317 323 1350 364 I
1369 327 1394 365 1
1422 323 1466 364 T.
1497 323 1566 365 VI

219 398 261 436 p.
284 386 368 426 792
387 384 493 436 Asq.
521 382 695 424 Vallars.
719 381 917 433 Quattuor
935 383 1111 432 virtutes,
1129 383 1361 436 prudentia,
1385 383 1557 436 iustitia,

222 442 429 491 fortitudo,
461 441 737 494 temperantia,
768 441 814 482 de
838 441 981 493 quibus
996 441 1232 494 plenissime
1256 442 1302 482 in
1332 440 1559 493 officiorum

226 501 341 542 libris
365 500 526 541 Tullius
550 500 733 551 disputat
754 499 929 541 scribens
945 500 1163 552 proprium
1187 513 1339 552 quoque
1369 500 1416 540 de
1446 503 1558 552 quat·
1595 513 1611 538 5

225 563 316 601 tuor
346 559 562 600 virtutibus
592 558 752 599 librum.

313 618 351 658 2.
385 616 547 659 Charis.
578 616 638 657 II
655 629 699 669 p.
730 619 828 659 208.
859 620 912 658 14
946 615 1224 670 ‘Neutiquam’
1258 615 1390 660 Cicero
1427 617 1474 658 de
1503 630 1558 658 se-

224 679 386 717 nectute.
428 700 475 704 —
517 675 633 717 Idem
669 676 715 716 in
757 676 1041 716 commentario
1084 676 1131 717 de
1171 676 1408 718 virtutibus:
1451 675 1560 716 illud

224 734 474 788 neutiquam
507 734 753 789 probantes.

608 936 696 973 XII.
743 935 1173 975 CHOROGRAPHIA.
1581 948 1614 972 10

313 1025 661 1081 Choroyrapliiam
691 1028 802 1070 haud
829 1028 909 1070 scio
941 1042 997 1068 an
1024 1028 1129 1069 illud
1153 1026 1286 1069 Cicero
1311 1028 1561 1081 inscripserit

225 1099 324 1139 opus
349 1086 670 1140 ¹oreoyrapliicum9
701 1088 747 1129 in
776 1100 854 1140 quo
885 1087 1123 1139 conficiendo
1153 1099 1193 1128 se
1224 1085 1395 1128 Caesare
1424 1090 1462 1128 et
1483 1086 1560 1128 Bi-

225 1145 315 1187 bulo
346 1159 440 1187 coss.
474 1146 531 1198 (a.
561 1159 600 1188 u.
633 1147 733 1199 695)
767 1146 971 1187 elaborare
1000 1145 1137 1186 scribit
1165 1145 1222 1185 ad
1249 1144 1335 1186 Att.
1366 1146 1427 1187 II
1451 1148 1490 1188 4.
1521 1149 1560 1200 3,

227 1208 262 1245 6.
295 1207 331 1254 1,
364 1207 402 1245 7.
433 1208 468 1246 1.
531 1205 682 1247 Notum.
1668 1226 1672 1247 ε

314 1262 516 1305 Priscian.
555 1263 622 1305 VI
647 1266 710 1305 16.
742 1266 797 1305 83
820 1278 863 1316 p.
893 1265 994 1305 267.
1021 1266 1048 1304 3
1079 1262 1136 1304 H.
1169 1261 1371 1314 eQuercus,
1403 1262 1560 1306 laurus'
1581 1274 1613 1300 1⁵

229 1345 277 1350 —
314 1325 397 1362 tam
433 1323 627 1363 secundae
662 1335 786 1374 quam
816 1325 986 1375 quartae
1014 1321 1288 1363 inveniuntur.
1349 1320 1485 1364 Cicero
1516 1323 1561 1363 in

226 1379 556 1433 Choroyrapliia:
593 1380 660 1421 Ibi
691 1395 942 1435 quereorum
973 1380 1083 1422 rami
1121 1380 1174 1421 ad
1211 1382 1371 1421 terram
1408 1380 1560 1435 iacent,

226 1441 273 1480 ut
303 1453 399 1480 sues
433 1439 555 1493 quasi
587 1453 739 1493 caprae
771 1453 820 1480 ex
852 1438 982 1480 ramis
1016 1438 1171 1493 glande
1203 1441 1444 1493 pascantur.

648 1641 758 1680 XIII.
801 1641 1008 1680 ADMIRA
1014 1641 1136 1679 NDA.

318 1733 352 1775 1.
378 1732 488 1774 Ptin.
519 1736 602 1774 nat.
633 1732 724 1774 hist.
749 1732 917 1774 XXXI
934 1735 990 1774 12
1013 1746 1070 1774 ex.
1098 1730 1232 1775 Cicero
1264 1733 1308 1773 in
1333 1732 1561 1774 Admiran—
1582 1745 1632 1770 20·

226 1791 290 1833 dis
325 1792 467 1844 posuit
500 1791 688 1833 Reatinis
732 1794 892 1833 tantum
927 1791 1148 1844 paludibus
1190 1791 1368 1844 unyulas
1410 1792 1562 1833 iumen-

230 1854 364 1892 torum
393 1851 596 1892 indurari.

315 1909 352 1950 2.
378 1908 488 1950 Ptin.
514 1908 682 1951 XXXI
700 1910 751 1951 51
779 1909 986 1960 Quaedam
1011 1912 1140 1950 terrae
1165 1909 1360 1950 imbribus
1382 1909 1565 1951 sicciores

225 1969 347 2022 fiunt,
384 1968 491 2009 velut
523 1969 571 2010 in
608 1968 836 2009 Narniensi
871 1981 987 2021 ayro,
1028 1968 1134 2020 quod
1169 1967 1442 2010 Admirandis
1477 1968 1565 2009 suis

226 2027 399 2068 inseruit
432 2027 495 2068 M.
532 2025 669 2069 Cicero
705 2027 880 2068 siccitate
918 2027 1046 2067 lutum
1083 2027 1174 2079 fieri
1203 2027 1395 2080 prodens,
1439 2026 1565 2068 imbre
1583 2035 1633 2081 2⁵-

229 2086 442 2128 wulverem.

316 2144 354 2186 3.
385 2144 497 2185 Ptin.
527 2143 694 2186 XXIX
722 2147 776 2185 60
807 2144 923 2185 Haec
958 2147 1091 2185 autem
1123 2143 1344 2198 (mustela),
1384 2157 1486 2196 quae
1520 2145 1567 2185 in·
1631 2180 1633 2198 2

227 2203 410 2245 domibus
444 2204 595 2244 nostris
631 2203 791 2244 oberrat
824 2206 862 2244 et
900 2202 1052 2244 catulos
1094 2214 1203 2254 suos,
1245 2206 1291 2243 ut
1332 2206 1469 2244 auctor
1510 2205 1568 2244 est
1628 2204 1633 2256 4

230 2260 376 2312 Cicero,
407 2262 547 2303 cotidie
578 2261 773 2313 transfert
801 2264 1005 2314 mutatque
1035 2262 1181 2315 sedem,
1213 2262 1407 2314 serpentis
1431 2272 1567 2315 perse·
1631 2275 1633 2280 ¹

228 2321 379 2372 quitur.
1586 2329 1618 2356 30
