1673 2505
500 103 599 140 CAP.
626 107 728 138 4—7.
779 106 798 145 ἓ
826 107 972 137 11-16,
1321 104 1405 145 429

71 213 208 255 fretus
240 226 406 266 supero,
439 211 475 252 si
506 212 622 252 facta
653 210 966 264 compensanda
995 212 1106 263 sunt,
1139 209 1407 251 conferamus

72 271 345 326 aequitatem,
378 270 415 311 si
440 269 670 311 violentiae
695 269 859 323 impetu
885 268 1177 323 opprimimur,
1209 268 1408 309 decedam

71 345 149 386 pro
182 329 378 372 omnibus
412 343 519 370 unus
552 327 782 369 tribunicio
810 327 956 381 furori,
989 327 1190 381 quoniam
1215 326 1407 368 laborem

71 403 149 443 pro
187 387 350 430 cunctis
388 388 576 442 perferre
615 385 824 428 consuevi.
887 383 931 426 Si
961 386 1095 441 igitur
1127 385 1271 439 aliquo
1303 387 1408 426 tem·
1428 373 1453 413 6

34 459 52 486 5
71 461 173 502 pore
204 447 257 488 iis
289 446 535 488 hominibus
567 444 860 497 consuluistis,
899 459 1078 498 quorum
1116 444 1282 485 animus
1313 443 1408 485 reli·
1437 425 1478 456 ¹4

72 506 198 561 gione
229 505 403 560 pietatis
436 504 659 546 defunctus
691 507 757 553 est,
790 503 953 544 debetis
986 502 1091 544 mihi
1123 516 1290 557 quoque
1314 516 1409 557 pro·

71 565 254 619 spicere,
298 564 371 618 qui
412 577 570 604 numen
613 562 787 603 deorum
828 564 1121 603 consecratum
1160 564 1324 603 sartum
1361 575 1408 602 ac

71 625 234 665 tectum
266 622 319 664 ab
353 622 469 664 omni
499 621 667 676 piaculo
700 621 948 662 conservavi
980 623 1039 674 et,
1076 634 1152 662 vos
1188 622 1237 661 ut
1267 622 1408 661 tutam

72 696 120 723 ac
150 681 432 736 tranquillam
463 679 683 722 fortunam
714 679 956 732 traheretis,
991 694 1086 720 mea
1116 679 1274 733 perfeci
1303 678 1409 733 vigi-

36 740 220 782 olantia.
280 738 394 781 Nam
426 753 510 791 me,
549 753 674 793 quem
711 738 839 792 paulo
879 741 976 779 ante
1012 738 1185 780 fortuna
1217 739 1409 778 erexerat

72 799 125 840 ad
150 798 347 854 gloriam,
378 799 443 839 cui
467 798 605 839 virtus
631 797 814 839 contulit
840 797 1020 850 laudem,
1046 797 1229 852 populus
1255 796 1410 837 tribuit

70 858 296 911 honorem,
328 857 506 898 eundem
537 856 701 898 tribuni
732 856 850 898 furor
881 856 1127 911 exagitatus
1160 855 1324 909 depulit
1357 855 1409 896 ad

71 916 375 958 calamitatem.
420 914 630 963 Quoniam
657 915 1021 956 animadvertistis
1047 914 1170 956 illam
1195 913 1410 968 conspira-

70 975 233 1017 tionem
271 974 500 1016 conflatam
537 974 599 1015 ita
631 988 723 1015 esse
754 973 1023 1027 restinctam,
1060 976 1109 1014 ut
1145 973 1267 1014 nulla
1305 972 1410 1014 scin-

0 1051 2 1057 ·
37 1045 54 1072 5
71 1034 170 1075 tilla
191 1036 437 1088 compareat
461 1033 656 1087 incendii,
681 1047 756 1074 vos
783 1047 950 1086 quoque
969 1031 1243 1073 tribuniciam
1264 1031 1410 1073 sedate

70 1093 359 1134 temeritatem
391 1092 483 1146 (qui
512 1106 624 1133 nunc
656 1106 699 1132 se
732 1091 837 1132 mihi
867 1091 1087 1132 inimicum
1119 1090 1326 1145 ostendit,
1365 1105 1409 1131 se

69 1152 188 1206 prius
226 1166 318 1192 esse
355 1154 545 1192 vestrum
588 1150 807 1206 professus
852 1153 917 1191 est
952 1148 1210 1205 inimicum),
1252 1164 1305 1190 ne
1348 1149 1411 1190 rei

71 1210 300 1252 crudelitas
339 1212 514 1263 experta
549 1209 593 1249 in
631 1223 699 1250 me
735 1209 781 1250 in
812 1223 887 1250 vos
922 1209 1194 1250 convalescat
1227 1211 1268 1249 et
1301 1208 1411 1249 cala—

70 1269 200 1311 mitas
231 1271 448 1310 remorata
479 1267 651 1323 longius
683 1270 830 1322 serpat
862 1282 910 1309 ac
940 1267 1260 1322 progrediatur,
1290 1281 1410 1321 prae-

36 1331 229 1370 ocavete.
289 1327 414 1369 Nunc
450 1327 517 1368 vel
556 1327 672 1368 solus
712 1326 899 1368 delectus
933 1326 986 1367 ad
1017 1326 1310 1368 calamitatem
1340 1326 1409 1367 vel
1438 1337 1478 1368 15

70 1387 234 1442 primus
279 1386 332 1428 ad
373 1386 461 1427 tale
502 1388 703 1427 evocatus
740 1385 976 1440 periculum
1014 1385 1205 1427 omnium
1244 1385 1409 1426 animos

70 1446 162 1487 iure
190 1445 322 1487 debeo
348 1459 628 1486 commovere.
670 1443 825 1486 Omnia
850 1447 950 1486 sunt
979 1444 1226 1498 immutata3
1257 1458 1409 1485 manus

70 1504 310 1560 religantur
341 1503 395 1545 ad
426 1503 802 1545 demonstrandam
833 1503 1053 1557 iniuriam,
1084 1503 1234 1557 lingua
1263 1502 1409 1544 incidi-

71 1566 142 1605 tur
173 1563 227 1605 ad
259 1562 566 1618 deplorandam
592 1562 895 1616 calamitatem,
927 1562 1094 1603 animus
1120 1561 1411 1616 praecluditur

36 1632 52 1659 ⁵
72 1622 126 1664 ad
151 1621 442 1676 exponendam
467 1621 529 1662 rei
553 1621 866 1676 indignitatem.
910 1620 1214 1662 Humilitatem
1243 1621 1410 1675 generis

72 1681 264 1723 obiciunt
293 1681 436 1734 nobis,
474 1679 547 1734 qui
576 1695 734 1722 novam
764 1680 976 1722 rationem
1014 1680 1242 1733 suscitant,
1280 1679 1410 1721 maio-

71 1754 166 1781 rum
199 1740 401 1781 obterunt
432 1739 591 1780 laudes.
641 1737 722 1780 Sed
755 1739 856 1793 quid
887 1753 966 1794 ego
997 1739 1123 1794 plura
1155 1738 1204 1779 de
1234 1738 1408 1780 illorum

73 1802 148 1840 aut
171 1799 217 1840 in
240 1813 308 1840 me
334 1798 572 1840 maledictis
600 1800 674 1839 aut
695 1798 741 1839 in
760 1812 836 1840 vos
856 1799 1062 1840 scelerate
1082 1797 1236 1852 loquar
1255 1797 1409 1839 factis?

72 1872 253 1913 quorum
304 1858 479 1913 cognita
526 1857 782 1912 improbitas
832 1871 900 1898 me
951 1859 1120 1898 tacente
1164 1856 1411 1911 coarguitur

37 1916 337 1971 oturpitudine
369 1916 500 1970 vitae,
536 1919 585 1957 ut
623 1916 672 1957 de
709 1916 762 1957 iis
799 1930 886 1958 non
924 1916 981 1957 sit
1011 1930 1182 1957 necesse
1213 1915 1408 1957 inimicos

69 1975 334 2030 praedicare,
372 1975 422 2017 de
460 1989 641 2030 quorum
679 1975 836 2017 scelere
871 1989 925 2017 ne
963 1974 1090 2017 amici
1127 1973 1298 2029 quidem
1336 1978 1410 2016 aut

69 2034 155 2089 ipsi
186 2036 366 2088 possunt
396 2048 564 2090 negare.
614 2033 703 2076 Vos
735 2048 814 2089 ego
847 2034 1027 2089 appello,
1061 2048 1241 2088 quorum
1267 2033 1318 2075 de
1343 2048 1410 2075 me
1438 2045 1478 2076 16

70 2093 258 2135 maxima
289 2096 355 2134 est
384 2095 598 2148 potestas3
639 2093 752 2148 apud
788 2107 864 2135 vos
900 2093 1055 2148 loquor
1092 2093 1142 2134 de
1174 2107 1270 2134 mea
1301 2093 1409 2135 cala-

70 2152 234 2207 mitate,
261 2166 367 2206 quos
392 2152 525 2194 habui
551 2166 717 2206 semper
735 2152 1003 2194 innocentiae
1023 2154 1066 2193 et
1091 2151 1264 2193 virtutis
1290 2167 1409 2194 meae

69 2213 216 2253 testes.
269 2211 410 2266 Igitur
440 2226 490 2253 ex
523 2211 697 2253 civitate
728 2211 835 2252 bene
867 2211 1046 2252 meritus
1078 2211 1128 2253 de
1160 2225 1205 2252 re
1236 2211 1410 2266 publica
1438 2212 1459 2252 7

70 2270 173 2312 civis
206 2270 469 2324 exturbatur,
500 2270 702 2312 innocens
735 2270 973 2325 expellitur,
1005 2270 1242 2312 consularis
1267 2269 1407 2322 homo,

69 2342 156 2370 non
201 2329 390 2370 minimis
433 2329 712 2371 facultatibus
757 2343 858 2371 usus
903 2329 1117 2384 quondam
1161 2328 1407 2382 amicorum,
