1673 2505
445 86 723 122 PHILOSOPH.
748 86 788 122 F.
814 87 865 121 IX
892 92 1016 122 7—11.
1315 89 1402 130 335

58 195 170 250 quod
201 195 326 248 vivit,
365 194 478 248 quod
509 194 646 247 viget,
687 194 869 236 caeleste
902 197 945 235 et
978 194 1168 235 divinum
1201 194 1256 235 ob
1290 209 1401 235 eam-

58 268 138 319 que
163 267 253 294 rem
280 254 501 294 aeternum
528 231 584 293 sit
610 267 782 294 necesse
809 255 885 294 est.
930 251 1021 293 Nec
1046 266 1147 293 vero
1175 252 1307 293 deus
1297 267 1402 307 ipse

58 312 137 378 qui
166 311 436 366 intellegitur
474 326 499 351 a
534 311 680 362 nobis,
725 311 809 352 alio
855 311 981 352 modo
1019 310 1216 365 intellegi
1254 313 1402 365 potest

55 370 140 411 nisi
181 383 301 410 1118113
319 346 490 410 ζ53011118
534 369 742 423 quaedam
787 371 830 410 et
873 369 1029 419 libera,
1074 371 1303 424 segiegata
1347 369 1401 410 ab

22 440 38 466 5
58 428 174 470 omni
206 427 477 469 concretione
510 427 702 480 mortali,
741 427 885 468 omnia
917 427 1105 468 sentiens
1143 429 1186 467 et
1224 441 1401 468 movens

55 487 234 541 ipsaque
253 485 450 540 praedita
471 488 591 526 motu
612 461 909 540 se11ipiterno.
907 510 960 515 ——
985 486 1113 526 Verba
1128 485 1399 526 ‘Animorum

55 544 176 586 nulla
209 568 261 573 —-
300 567 349 573 —
383 544 468 584 nisi
499 559 524 584 a
556 543 655 584 deo'
688 558 737 584 ex
770 544 1018 585 Tusculanis
1050 547 1088 584 et
1119 543 1402 586 Consolatione

54 603 226 656 protulit
254 603 377 644 etiam
408 603 652 643 Lactantius
683 603 730 643 cle
760 603 828 643 ira
858 603 922 643 clei
952 606 1016 643 10.
1048 605 1113 655 45,
1145 602 1263 643 verba
1296 600 1402 643 ‘Nec

56 675 157 703 vero
191 685 245 690 —
270 685 324 690 —
358 660 558 702 movens'
590 661 696 701 idem
727 661 852 702 instit.
885 661 963 701 cliv.
995 660 1028 701 I
1052 662 1088 701 5.
1120 663 1188 702 25.

0 732 38 758 ,ιο
148 720 214 760 11.
251 719 438 760 Lactant.
475 720 568 760 inst.
606 720 684 760 cliv.
716 718 747 759 I
774 721 836 760 15.
867 722 921 760 16
933 732 1014 771 sqq.
1054 719 1116 760 M.
1151 719 1314 760 Tullius
1345 743 1398 748 —

55 778 102 820 in
137 791 180 819 eo
218 778 336 829 libro,
374 791 450 830 quo
487 791 527 819 se
563 778 647 830 ipse
684 778 730 818 cle
769 781 894 818 morte
929 778 1042 830 filiae
1078 778 1304 820 consolatus
1335 781 1403 828 est,

55 849 139 878 non
164 836 362 877 dubitavit
385 837 512 877 elicere
539 837 642 889 deos,
673 837 744 888 qui
766 836 928 888 publice
958 836 1191 885 colerentur,
1223 836 1403 877 homines

54 895 192 946 fuisse.
257 894 373 946 Quod
407 895 538 947 ipsiius
576 895 850 936 testiinonium
885 908 928 936 eo
965 894 1073 936 debet
1110 895 1402 948 gravissimum
1450 900 1452 902 ’

57 954 253 1003 iudicari,
285 953 392 1005 quod
420 957 457 994 et
486 954 683 1006 auyurale
712 953 856 994 habuit
883 954 1151 994 sacerdotium
1181 956 1219 994 et
1248 954 1403 995 eosdem

23 1023 38 1049 ⁵
56 1025 98 1053 se
126 1012 251 1053 colere
281 1012 540 1064 venerarique
571 1014 749 1053 testatur.
809 1011 956 1064 Itaque
992 1012 1105 1052 intra
1129 1025 1284 1064 paucos
1321 1025 1404 1052 ver-

56 1070 204 1112 siculos
233 1071 337 1111 duas
367 1083 430 1112 res
460 1070 573 1118 nobis
604 1071 732 1118 (leslit‚·
769 1083 868 1110 nam
905 1071 1002 1111 dum
1038 1071 1260 1122 imayinem
1290 1070 1404 1122 filiae

57 1129 190 1170 eodem
220 1142 261 1170 se
290 1129 406 1169 modo
430 1132 762 1169 'consecraturmn
798 1141 879 1169 esse
906 1129 1185 1180 profiteretur,
1223 1141 1301 1180 quo
1337 1129 1404 1169 illi

56 1201 85 1228 a
113 1187 308 1229 veteribus
337 1190 435 1227 sunt
463 1187 701 1239 consecrati,
737 1189 775 1227 et
813 1186 902 1227 illos
938 1189 1117 1228 mortuos
1153 1199 1234 1227 esse
1270 1187 1406 1227 docuit

57 1249 95 1286 et
138 1246 336 1299 originem
377 1258 507 1286 vanae
548 1245 846 1298 superstitionis
888 1245 1068 1286 ostendit.
1136 1243 1244 1286 Cum
1288 1259 1405 1296 vero,

23 1304 207 1357 oiizquit‚
245 1305 288 1345 et
326 1317 465 1344 mares
504 1305 547 1344 et
576 1303 760 1344 feminas
799 1303 1040 1357 complures
1073 1317 1124 1344 ex
1155 1303 1403 1344 hominibus

57 1363 101 1404 in
130 1363 306 1404 deorum
332 1376 508 1403 numero
536 1376 628 1403 esse
654 1362 875 1403 videamus
903 1364 944 1402 et
972 1376 1119 1403 eorum
1148 1362 1193 1402 in
1223 1361 1405 1402 urbibus

59 1423 188 1476 atque
226 1421 344 1476 agris
382 1421 691 1476 augustissima
729 1421 908 1461 delubra
945 1434 1217 1474 veneremur,
1257 1420 1405 1461 adsen-

57 1480 219 1521 tiamur
251 1494 398 1520 eorum
431 1479 678 1534 sapientiae,
711 1493 893 1533 quorum
924 1478 1109 1534 ingeniis
1142 1482 1185 1519 et
1216 1478 1404 1520 inventis

59 1552 230 1580 omnem
262 1538 397 1579 vitam
428 1538 598 1594 legibus
631 1540 674 1579 et
704 1537 918 1579 institutis
951 1538 1165 1579 excultam
1198 1538 1404 1579 constitu-

24 1608 40 1635 5
58 1600 234 1651 tamque
259 1597 481 1638 habemus.
526 1595 687 1644 Quodsi
712 1597 848 1637 ullum
875 1611 1081 1650 umquam
1114 1596 1275 1637 animal
1308 1610 1404 1638 con-

59 1655 311 1698 secrandum
347 1655 448 1708 fuit,
490 1655 599 1696 illud
642 1655 835 1710 profecto
880 1654 974 1696 fuit.
1037 1652 1081 1695 Si
1121 1654 1272 1696 Cadmi
1309 1668 1406 1708 pro-

59 1715 202 1770 genies
254 1716 328 1755 aut
372 1713 741 1769 Amphi[t1·y]onis
789 1716 863 1755 aut
906 1713 1096 1767 Tyndari
1143 1713 1190 1753 111
1239 1714 1403 1754 caelum

57 1773 249 1815 tollenda
285 1773 403 1814 fama
439 1773 539 1825 fuit,
584 1772 683 1814 huic
719 1772 833 1813 idem
869 1772 1008 1813 honos
1047 1773 1161 1813 certe
1200 1771 1406 1813 dicandus

59 1834 142 1885 est3
175 1831 288 1886 quod
313 1831 485 1886 quidem
509 1831 665 1873 faciam
690 1833 818 1885 teque
845 1831 1036 1872 omnium
1069 1830 1278 1884 optimam
1311 1830 1407 1871 doc-

24 1891 358 1945 otissimamque
398 1890 738 1944 adprobantibus
777 1890 842 1930 dis
878 1889 1182 1930 inmortalibus
1222 1888 1329 1943 ipsis
1361 1888 1407 1929 in

59 1964 205 1991 eorum
243 1951 368 1990 coetu
405 1949 593 1990 locatam
632 1948 686 1990 ad
725 1947 971 2003 opinionem
1011 1948 1201 1989 omnium
1247 1949 1405 1988 morta-

57 2008 164 2050 lium
208 2007 480 2050 consecrabo.
547 2007 740 2049 Fortasse
781 2008 890 2048 clicat
936 2007 1088 2059 aliquis
1130 2020 1235 2058 prae
1276 2007 1406 2047 nimio

59 2067 168 2108 luctu
204 2067 396 2108 delirasse
433 2065 674 2108 Ciceronem.
735 2065 866 2118 Atqui
908 2066 1041 2106 omnis
1083 2065 1159 2106 illa
1203 2065 1333 2106 oratio
1372 2068 1409 2105 et

58 2125 243 2167 doctrina
267 2129 304 2166 et
327 2125 519 2178 exemplis
548 2127 586 2165 et
614 2125 701 2177 ipso
734 2125 920 2177 loquendi
946 2137 1088 2177 yenere
1109 2123 1294 2176 perfecta
1323 2136 1406 2164 non

25 2184 188 2237 5ae9ri,
225 2184 294 2225 sed
322 2183 544 2225 constantis
574 2183 708 2224 animi
738 2196 786 2224 ac
816 2183 961 2224 iudicii
989 2183 1089 2234 ficit,
1121 2185 1158 2223 et
1187 2181 1284 2223 haec
1314 2182 1406 2234 ipsa

58 2243 256 2284 sententia
286 2243 447 2284 nullum
469 2242 656 2294 praefert
684 2242 885 2283 indicium
916 2241 1076 2283 doloris.
1127 2240 1267 2294 Neque
1297 2241 1407 2281 enirn

51 2304 153 2353 puto
184 2301 303 2342 illum
334 2304 419 2342 tam
449 2301 577 2353 varie,
616 2304 700 2341 tam
738 2301 907 2353 copiose,
945 2303 1030 2341 tam
1067 2303 1208 2341 ornate
1236 2299 1409 2340 scribere
