1663 2490
358 73 444 107 Llss.
473 73 498 107 I.
551 72 651 107 CAP.
680 77 830 107 33—35.
881 76 899 114 ἓ
929 75 1123 106 121-127.
1359 70 1416 111 43

76 181 363 236 temperantia
395 180 585 234 accessit,
618 180 773 234 duplex
805 180 967 221 malum
999 182 1077 232 est,
1109 178 1222 234 quod
1253 178 1415 234 etipsa

51 243 271 282 *senectus
310 239 488 281 dedecus
527 239 713 293 concipit
751 241 794 280 et
836 237 1315 280 facit-adulescentium
1356 237 1416 278 in·

76 299 372 354 pudentiorem
399 298 788 351 intemperantiam.
826 298 889 339 Ac
909 311 960 338 ne
980 296 1087 338 illud
1109 297 1278 351 quidem
1300 296 1399 337 alie·
1421 305 1484 336 124

75 373 178 399 num
199 360 275 410 est,
302 358 352 398 de
379 357 727 412 magistratuum,
754 356 804 397 de
833 356 1132 411 privatorum[,
1159 355 1209 396 de
1229 354 1417 408 civiumJ,

41 429 58 454 5
78 417 128 458 de
160 416 484 471 peregrinorum
516 414 668 456 officiis
709 415 856 456 dicere.
917 414 999 456 Est
1030 414 1164 469 igitur
1195 413 1417 468 proprium

77 489 230 516 munus
282 474 563 529 magistratus
614 473 865 528 intellegere
911 488 954 515 se
999 487 1145 528 gerere
1190 486 1417 527 personam

76 533 265 576 civitatis
299 533 534 586 debereque
567 532 656 573 eius
690 532 947 587 dignitatem
974 535 1017 573 et
1043 531 1169 573 decus
1196 531 1418 582 sustinere,
1462 531 1475 546 ⁴

77 607 247 634 servare
279 592 410 647 leges,
440 592 534 632 iura
566 591 813 644 discribere,
846 606 896 632 ea
926 590 1024 632 fidei
1057 605 1157 632 suae
1189 589 1418 632 commissa

77 651 334 693 meminisse.
397 650 619 691 Privatum
657 652 800 691 autem
843 652 1015 704 oportet
1058 663 1192 703 aequo
1237 651 1280 689 et
1323 648 1418 703 pari

27 724 58 749 ιο
78 726 173 752 611111
199 710 363 752 civibus
389 709 479 750 iure
504 709 646 750 vivere
672 723 808 774 neque
834 709 1110 750 summissum
1136 711 1179 749 et
1205 707 1418 749 abiectum

76 784 212 824 neque
240 784 284 810 se
311 768 579 821 ecferentem,
611 770 704 809 tum
729 768 773 808 in
799 782 844 808 re
876 768 1049 822 publica
1074 782 1124 808 ea
1155 767 1277 819 velle,
1311 780 1418 820 quae

77 828 314 883 tranquilla
351 830 394 869 et
437 827 619 868 honesta
663 826 767 880 sint3
810 826 943 867 talem
988 826 1100 867 enim
1145 800 1330 867 solenius
1376 827 1419 866 et

78 887 236 929 sentire
262 887 423 928 bonum
449 886 585 927 civem
611 888 653 926 et
673 885 822 927 dicere.
866 884 1086 940 Peregrini
1108 887 1250 925 autem
1273 887 1400 938 atque
1423 876 1488 925 i25

77 946 244 987 incolae
270 945 456 987 officium
484 947 549 985 est
574 944 682 985 nihil
701 947 873 1009 praeter
893 958 1016 984 suum
1036 943 1258 1008 negotium
1280 956 1419 998 agere,

27 1004 186 1046 15111111]
226 1004 275 1044 de
314 1004 399 1045 alio
438 1003 662 1057 anquirere
702 1003 959 1056 minimeque
997 1017 1088 1043 6886
1126 1017 1169 1042 111
1203 1002 1343 1042 aliena
1374 1015 1419 1042 re

77 1063 251 1119 publica
295 1062 521 1104 curiosum
582 1061 652 1103 Ita
690 1061 778 1103 fere
817 1061 959 1103 officia
996 1061 1280 1115 r‘epeiientur,
1324 1075 1419 1101 cum

78 1124 323 1177 quaeretur,
366 1121 467 1175 quid
506 1121 672 1174 deceat,
715 1123 758 1161 et
794 1119 894 1173 quid
932 1122 1080 1175 aptum
1120 1119 1176 1160 sit
1212 1119 1420 1174 personis,

78 1180 363 1236 temporibus,
407 1180 634 1221 aetatibus.
695 1178 817 1220 Nihil
857 1181 923 1220 est
967 1181 1129 1232 autem,
1174 1178 1286 1232 quod
1331 1181 1418 1218 tam

79 1240 236 1293 deceat,
269 1254 395 1294 quam
421 1239 466 1280 in
491 1239 608 1280 omni
633 1253 677 1279 re
705 1237 892 1294 gerenda
919 1237 1182 1291 consilioque
1215 1236 1419 1292 capiendo

27 1310 60 1336 20
82 1313 252 1341 servare
283 1298 584 1340 constantiam

169 1356 250 1399 Sed
294 1357 495 1411 quoniam
540 1357 737 1398 decorum
780 1356 885 1397 illud
929 1356 973 1397 in
1019 1356 1216 1398 omnibus
1263 1355 1402 1408 factls,
1426 1336 1490 1417 1322

80 1416 217 1470 dictis,
243 1416 287 1457 in
313 1416 503 1481 corporis
530 1415 710 1470 denique
735 1418 854 1457 motu
883 1418 926 1456 et
948 1418 1066 1456 statu
1086 1415 1274 1456 cernitur
1293 1414 1420 1469 idque

79 1476 269 1531 positum
302 1478 367 1516 est
397 1475 441 1516 in
473 1475 612 1516 tribus
644 1475 790 1528 rebus,
827 1474 1115 1528 formositate,
1153 1474 1318 1527 ordine,
1357 1487 1421 1514 or-

79 1537 186 1576 natu
212 1534 265 1576 ad
291 1534 504 1576 actionem
531 1536 646 1588 apto,
672 1533 918 1574 difficilibus
945 1533 998 1574 ad
1025 1532 1322 1587 eloquendum,
1348 1531 1420 1573 sed

29 1605 61 1630 25
82 1593 188 1635 satis
215 1593 297 1635 erit
321 1593 529 1647 intellegi,
555 1593 600 1634 in
624 1592 692 1633 his
719 1595 862 1633 autem
888 1592 1026 1633 tribus
1053 1592 1297 1633 continetur
1321 1606 1422 1632 cura

81 1652 211 1694 etiam
243 1652 332 1706 illa,
363 1655 411 1693 ut
442 1651 675 1706 probemur
705 1651 770 1704 iis,
803 1651 1054 1705 quibuscum
1085 1651 1198 1705 apud
1230 1664 1421 1704 quosque

80 1712 294 1765 vivamus,
325 1710 393 1752 his
426 1725 594 1765 quoque
626 1710 676 1751 de
708 1711 835 1751 rebus
868 1725 1004 1765 pauca
1036 1710 1243 1752 dicantur.
1303 1708 1422 1750 Prin-

81 1770 192 1825 cipio
236 1770 428 1825 corporis
472 1769 630 1811 nostri·
654 1784 857 1825 magnam
904 1772 1060 1810 natura
1110 1769 1206 1823 ipsa
1254 1768 1423 1809 videtur

80 1829 282 1871 habuisse
308 1829 532 1883 rationem,
565 1844 672 1882 quae
697 1828 881 1869 formam
907 1831 1102 1869 nostram
1128 1827 1422 1882 reliquamque

30 1900 62 1924 ³0
81 1889 280 1943 figuram,
312 1888 357 1929 in
389 1903 472 1942 qua
504 1890 617 1929 esset
649 1887 811 1942 species
844 1887 1042 1940 honesta,
1076 1901 1170 1928 eam
1202 1886 1348 1940 posuit
1378 1885 1423 1926 in

80 1950 306 2002 promptu,
339 1961 445 2001 quae
477 1950 623 2002 partes
657 1949 801 1988 autem
834 1946 1025 2001 corporis
1059 1945 1112 1986 ad
1142 1948 1322 1986 naturae
1353 1959 1422 1986 ne-

81 2006 327 2048 cessitatem
359 2006 483 2047 datae
515 2008 737 2060 aspectum
765 2008 907 2046 essent
933 2004 1169 2046 deformem
1194 2004 1422 2046 habiturae

82 2067 210 2119 atque
240 2064 530 2121 foedum‚1eas
563 2064 752 2106 contexit
784 2067 909 2119 atque
942 2063 1117 2105 abdidit.
1178 2063 1302 2106 Hanc
1332 2078 1403 2104 na·
1427 2073 1491 2105 127

81 2126 202 2166 turae
239 2127 330 2165 tam
368 2124 619 2179 diligentem
656 2123 865 2165 fabricam
898 2123 1069 2164 imitata
1100 2124 1167 2163 est
1197 2121 1421 2164 hominum

30 2193 62 2219 ³5
80 2182 344 2225 verecundia.
384 2182 501 2231 Quae
522 2182 635 2224 enim
653 2185 810 2224 natura
830 2181 1073 2235 occultavit,
1094 2181 1241 2223 eadem
1262 2195 1422 2233 omneS,

81 2241 154 2296 qui
185 2256 290 2283 sana
321 2245 462 2283 mente
495 2244 612 2294 sunt,
649 2243 872 2282 removent
904 2241 957 2282 ab
988 2240 1123 2282 oculis
1154 2240 1321 2295 ipsique
1352 2254 1421 2281 ne-

80 2300 272 2342 cessitati
311 2300 414 2341 dant
451 2315 625 2356 operam
657 2303 706 2341 ut
741 2315 869 2355 quam
902 2299 1190 2342 occultissime
1222 2300 1422 2354 pareantz
