1663 2490
175 491 231 533 20

175 544 216 573 71

174 1058 218 1090 72

174 1411 218 1442 73

176 1942 220 1974 74

249 57 331 98 186
644 55 848 91 LAELIUS
873 55 938 90 DE
963 56 1183 91 AMICITIA

246 165 375 218 venti,
406 165 592 206 retinent
622 167 769 206 tamen
800 164 1025 205 caritatem
1056 164 1101 205 in
1132 167 1341 219 pastores,
1376 179 1483 219 quos
1514 180 1586 220 pa·
1628 187 1629 193 =

245 226 333 264 tres
378 224 538 264 multos
583 237 718 265 annos
763 236 856 263 esse
896 222 1119 266 duxerunt.
1180 222 1301 271 Quod
1340 226 1405 264 est
1449 224 1585 266 multo

244 281 437 337 profecto
471 282 610 337 magis
642 282 687 322 in
718 281 831 322 veris
862 280 1059 335 patribus
1091 282 1303 336 certisque
1333 282 1586 324 faciendum.

244 340 425 382 Fructus
452 340 564 381 enim
590 339 752 395 ingenii
779 342 822 380 et
846 339 1020 380 virtutis
1048 340 1269 394 omnisque
1295 341 1586 395 praestantiae

244 403 336 441 tum
375 413 600 440 maxumus
638 398 825 453 capitur,
868 412 964 440 cum
994 398 1039 439 in
1077 413 1333 453 proxumum
1377 415 1587 454 quemque

246 457 475 501 confertur.

334 516 395 558 Ut
426 516 562 570 igitur
592 515 635 569 ii,
668 516 741 570 qui
768 517 868 556 sunt
892 515 938 556 in
958 515 1171 557 amicitiae
1192 517 1587 571 coniunctionisque

245 574 558 617 necessitudine
585 575 838 629 superiores,
865 588 1101 628 exaequare
1128 588 1172 616 se
1195 589 1291 616 cum
1313 575 1586 618 inferioribus

246 635 414 682 debent,
447 633 507 675 sic
538 633 763 675 inferiores
795 647 882 674 non
908 633 1051 674 dolere
1077 647 1122 674 se
1148 648 1173 674 a
1199 633 1287 675 suis
1314 637 1389 675 aut
1413 634 1586 690 ingenio

246 695 321 734 aut
351 692 527 734 fortuna
559 694 634 734 aut
666 692 878 747 dignitate
911 692 1115 746 superari.
1174 690 1364 740 Quorum
1395 693 1587 748 plerique

247 754 321 793 aut
353 754 590 805 queruntur
630 765 798 817 semper
837 750 1000 805 aliquid
1039 753 1114 792 aut
1151 751 1282 792 etiam
1314 752 1588 806 exprobrant,

246 825 380 865 eoque
412 810 570 865 magis,
609 810 646 851 si
676 809 836 851 habere
874 823 919 850 se
955 812 1129 864 putant,
1173 810 1287 864 quod
1325 809 1514 852 officiose
1546 815 1589 853 et

247 871 381 911 amice
414 872 457 910 et
488 883 584 910 cum
615 869 764 910 labore
791 868 934 922 aliquo
962 882 1038 910 3110
1063 867 1227 910 factum
1254 872 1412 923 queant
1439 869 1586 912 dicere.

248 928 454 970 Odiosum
487 942 588 969 sane
621 942 757 984 genus
787 927 1011 969 hominum
1043 926 1184 969 officia
1218 928 1589 984 exprobrantium3

247 1002 355 1042 quae
388 987 634 1028 meminisse
666 986 793 1028 debet
823 986 872 1040 is,
904 986 949 1027 in
981 1000 1108 1040 quem
1140 987 1313 1028 conlata
1345 991 1462 1041 sunt,
1499 1002 1586 1030 non
1659 1028 1663 1037 ,

246 1060 594 1100 commemorare,
627 1045 700 1100 qui
731 1045 927 1088 contulit.
978 1044 1116 1094 Quam
1149 1046 1203 1087 ob
1235 1060 1337 1099 rem,
1368 1049 1417 1087 ut
1441 1046 1484 1100 11,
1516 1047 1588 1101 qui
1634 1063 1636 1066 ·

247 1106 488 1160 superiores
521 1107 633 1158 sunt,
665 1105 934 1146 summittere
967 1118 1012 1145 se
1044 1103 1200 1146 debent
1225 1104 1269 1146 in
1295 1105 1496 1159 amicitia,
1529 1106 1588 1147 sic

247 1164 432 1219 quodam
458 1164 585 1205 modo
611 1163 837 1204 inferiores
864 1163 1082 1204 extollere.
1127 1161 1236 1204 Sunt
1262 1164 1376 1205 enim
1403 1164 1588 1218 quidam,

247 1224 318 1278 qui
351 1223 557 1264 molestas
592 1222 803 1264 amicitias
836 1222 1015 1276 faciunt,
1054 1236 1149 1264 cum
1181 1222 1265 1277 ipsi
1296 1237 1341 1264 se
1373 1224 1589 1264 contemni

245 1285 419 1337 putant3
464 1281 576 1336 quod
613 1295 701 1323 non
737 1280 825 1322 fere
863 1281 1077 1336 contingit
1115 1281 1199 1321 nisi
1237 1281 1308 1334 iis,
1353 1282 1426 1335 qui
1458 1282 1588 1323 etiam

247 1341 582 1383 contemnendos
615 1354 660 1382 se
698 1339 987 1393 arbitrantur3
1032 1340 1106 1393 qui
1148 1339 1228 1381 hac
1266 1340 1466 1394 opinione
1503 1355 1590 1382 non

246 1400 372 1441 modo
405 1399 566 1452 verbis,
599 1398 672 1440 sed
704 1398 835 1440 etiam
868 1412 995 1463 opere
1026 1398 1198 1439 levandi
1230 1401 1341 1440 sunt.
1403 1398 1589 1441 Tantum

247 1462 391 1500 autem
423 1458 574 1524 cuique
605 1457 894 1511 tribuendum,
924 1457 1111 1512 primum
1144 1460 1353 1511 quantum
1380 1458 1473 1513 ipse
1499 1458 1589 1500 effi-

246 1532 340 1560 cere
371 1517 532 1572 1103313,
564 1516 714 1559 deinde
746 1516 877 1558 etiam
909 1519 1118 1582 quantum
1150 1516 1241 1569 ille,
1274 1531 1401 1571 quem
1433 1517 1588 1583 diligas

247 1580 375 1631 atque
408 1576 595 1630 adiuves,
627 1575 851 1617 sustinere.
912 1574 1013 1616 Non
1045 1575 1158 1616 enim
1189 1590 1326 1629 neque
1358 1578 1406 1617 tu
1435 1577 1588 1631 possis,
1626 1589 1635 1614 ε

247 1635 443 1690 quamvis
477 1635 674 1687 excellas,
707 1648 854 1676 omnes
881 1636 979 1676 tuos
1007 1633 1060 1675 ad
1086 1634 1270 1676 honores
1297 1635 1589 1689 amplissimos

245 1695 487 1750 perducere,
519 1696 567 1736 ut
599 1692 741 1748 Scipio
773 1693 819 1734 P.
849 1692 1073 1748 Rupilium
1104 1694 1248 1748 potuit
1278 1694 1498 1735 consulem
1530 1694 1590 1735 ef—

245 1754 384 1807 ficere,
415 1753 597 1795 fratrem
624 1753 714 1794 01113
734 1751 780 1794 L.
806 1766 892 1794 non
912 1752 1065 1807 potuit.
1110 1751 1271 1800 Quodsi
1298 1753 1428 1794 etiam
1448 1753 1589 1808 possis

247 1812 415 1867 quidvis
449 1811 612 1854 deferre
645 1811 699 1853 ad
731 1812 927 1864 alterum,
960 1810 1186 1852 videndum
1214 1813 1279 1852 est
1304 1814 1462 1865 tamen,
1489 1811 1590 1866 quid

246 1872 320 1913 ille
352 1871 491 1926 possit
523 1871 746 1912 sustinere.

335 1929 518 1971 Omnino
552 1929 766 1971 amicitiae
798 1929 1094 1971 conroboratis
1120 1928 1208 1970 iam
1239 1929 1590 1984 confirmatisque

247 1992 288 2031 et
320 1989 504 2044 ingeniis
537 1991 580 2030 et
612 1988 828 2031 aetatibus
865 1986 1115 2029 iudicandae
1154 1990 1272 2040 sunt,
1309 2002 1405 2041 nec,
1450 1988 1486 2028 si
1519 1988 1591 2043 qui

245 2049 420 2089 ineunte
453 2050 594 2089 aetate
626 2046 810 2089 venandi
843 2049 917 2088 aut
947 2046 1060 2101 pilae
1094 2046 1275 2087 studiosi
1301 2046 1486 2101 fuerunt,
1518 2061 1590 2089 eos

245 2107 404 2148 habere
437 2106 714 2159 necessarios,
748 2120 854 2160 quos
885 2108 978 2146 tum
1012 2104 1160 2146 eodem
1193 2105 1335 2146 studio
1371 2105 1590 2160 praeditos

247 2166 499 2207 dilexerunt.
543 2165 634 2207 Isto
663 2165 775 2206 enim
796 2164 922 2206 modo
949 2164 1136 2205 nutrices
1164 2167 1206 2205 et
1233 2164 1476 2220 paedagogi
1500 2165 1592 2206 iure
1630 2182 1634 2199 ε

245 2224 478 2266 vetustatis
523 2224 758 2279 plurimum
802 2222 1118 2265 benivolentiae
1165 2223 1469 2278 postulabunt3
1520 2223 1592 2278 qui

246 2282 503 2339 neglegendi
536 2283 706 2337 quidem
737 2297 824 2324 non
856 2285 976 2336 sunt,
1015 2281 1090 2323 sed
1123 2281 1207 2324 alio
1247 2282 1432 2337 quodam
1465 2282 1592 2323 modo
