1663 2490
483 78 584 116 CAP.
610 83 668 114 9—
684 83 736 114 11.
787 82 807 121 ξ
833 83 983 115 30-36.
1322 82 1405 123 143

65 186 200 242 igitur
231 186 309 226 has
342 186 534 239 corporis
566 200 620 228 an
645 185 919 241 Pythagorae
944 186 1026 228 tibi
1052 188 1178 228 malis
1204 188 1317 228 vires
1345 188 1407 229 in-

67 244 181 300 genii
207 243 328 285 dari‘?
378 243 573 298 Denique
599 244 683 286 isto
709 245 822 286 bono
854 247 990 299 utare,
1021 245 1120 286 dum
1150 245 1274 299 adsit,
1311 261 1406 287 cum

67 303 199 356 absit,
236 317 290 344 ne
326 303 539 356 requiras,
575 303 660 344 nisi
696 303 809 345 forte
841 303 1133 345 adulescentes
1165 305 1407 358 pueritiam,

65 361 290 417 paululum
317 363 458 402 aetate
483 362 704 416 progressi
730 362 1063 404 adulescentiam
1090 362 1246 404 debent
1270 363 1407 417 requi-

31 431 46 456 5
65 434 171 462 rere.
233 418 394 462 Cursus
433 422 498 460 est
536 422 676 461 certus
715 421 870 462 aetatis
909 423 952 463 et
987 435 1073 462 una
1109 421 1180 463 via
1216 423 1406 476 naturae,

64 493 198 533 eaque
231 478 424 533 simplex,
457 492 617 532 suaque
643 479 794 533 cuique
819 480 934 534 parti
961 480 1115 521 aetatis
1141 480 1405 534 tempestivi-

64 540 132 579 tas
165 539 231 579 est
268 537 386 591 data,
423 539 472 578 ut
509 539 552 578 et
588 537 818 579 infirmitas
856 553 1086 593 puerorum
1123 542 1167 580 et
1203 539 1405 580 ferocitas

63 596 264 637 iuvenum
302 598 345 637 et
383 595 576 650 gravitas
614 596 701 638 iam
733 598 971 638 constantis
1005 597 1160 639 aetatis
1193 600 1236 639 et
1267 611 1406 639 senec-

64 654 171 696 tutis
210 654 438 696 maturitas
474 655 673 696 naturale
712 655 913 709 quiddam
951 656 1127 711 habeat,
1171 656 1285 711 quod
1329 670 1405 698 suo

13 725 44 749 10
63 715 257 768 tempore
294 713 455 768 percipi
494 713 658 755 debeat.
719 714 880 756 Audire
918 717 961 756 te
999 715 1205 769 arbitror,
1249 713 1405 770 Scipio,
1432 730 1476 761 34

62 772 220 827 hospes
252 774 350 813 tuus
383 772 524 814 avitus
555 772 785 814 Masinissa
817 787 924 827 quae
956 772 1088 815 faciat
1119 749 1245 816 hodie
1273 788 1405 815 nona-

65 831 187 896 ginta
229 834 357 872 natus
403 845 556 897 annos;
605 846 701 874 cum
743 831 963 886 ingressus
1000 832 1083 874 iter
1120 832 1299 887 pedibus
1338 832 1406 886 sit,

63 905 108 931 1n
139 904 294 944 equum
326 890 498 932 omnino
527 904 614 932 non
639 890 877 944 ascendere,
909 905 1004 932 cum
1031 893 1175 932 autem
1203 905 1323 946 equo,
1355 905 1406 932 ex

64 963 171 1003 equo
208 963 296 990 non
333 948 603 1003 descendere,
639 949 760 991 nullo
797 948 944 1003 imbri,
980 949 1101 991 nullo
1138 949 1302 1005 frigore
1334 949 1404 991 ad-

13 1017 44 1042 15
65 1007 178 1062 duci,
214 1010 262 1048 ut
294 1007 433 1062 capite
466 1010 616 1062 operto
649 1007 723 1061 sit,
765 1021 975 1049 summam
1009 1022 1100 1049 esse
1131 1008 1176 1049 in
1208 1023 1257 1049 eo
1291 1007 1406 1049 sicci·

63 1069 198 1108 tatem
230 1066 440 1120 corporis,
476 1065 622 1120 itaque
661 1066 805 1107 omnia
843 1066 993 1120 exequi
1030 1066 1145 1122 regis
1184 1066 1327 1108 officia
1363 1069 1405 1107 et

62 1139 250 1166 munera.
291 1124 447 1165 Potest·
462 1124 597 1179 igitur
624 1124 872 1166 exercitatio
899 1127 941 1165 et
967 1125 1254 1180 temperantia
1275 1124 1405 1166 etiam

61 1183 106 1225 in
137 1185 355 1225 senectute
388 1197 639 1225 conservare
673 1183 835 1237 aliquid
866 1183 1039 1238 pristini
1070 1184 1251 1225 roboris.

150 1241 250 1284 Non
270 1244 372 1283 sunt
390 1242 436 1282 in
455 1244 673 1284 senectute
693 1242 818 1283 vires.
855 1241 921 1283 Ne
935 1243 1212 1297 postulantur
1234 1242 1405 1297 quidem
1423 1248 1471 1287 11

9 1312 42 1336 20
62 1300 174 1343 vires
207 1316 233 1342 a
264 1303 492 1342 senectute.
542 1300 660 1356 Ergo
693 1303 736 1342 et
766 1300 935 1357 legibus
968 1304 1011 1342 et
1038 1301 1252 1342 institutis
1279 1304 1406 1343 vacat

62 1362 181 1401 aetas
206 1361 357 1401 nostra
381 1359 628 1401 muneribus
654 1359 720 1411 iis,
746 1374 854 1414 quae
878 1373 965 1401 non
990 1363 1174 1415 possunt
1198 1360 1287 1401 sine
1307 1360 1404 1401 viri·

61 1419 141 1460 bus
175 1417 387 1460 sustineri.
435 1417 588 1472 Itaque
618 1432 706 1460 non
737 1418 877 1473 modo,
908 1418 1022 1473 quod
1051 1433 1139 1461 non
1162 1433 1404 1475 possumus,

62 1477 136 1519 sed
165 1492 219 1519 ne
251 1479 459 1531 quantum
484 1491 712 1532 possumus
740 1477 910 1532 quidem
935 1478 1140 1533 cogimur.
1191 1478 1253 1519 At
1278 1478 1403 1519 multi
1430 1493 1473 1523 35

61 1536 124 1577 ita
156 1538 256 1577 sunt
287 1536 479 1578 inbecilli
511 1550 651 1590 senes,
681 1538 730 1577 ut
760 1536 927 1577 nullum
960 1536 1090 1578 officii
1122 1535 1198 1578 aut
1230 1537 1402 1578 omnino

0 1595 41 1631 '2⁵
60 1595 176 1637 vitae
207 1609 360 1636 munus
393 1595 566 1649 exsequi
597 1595 776 1650 possint.
826 1594 887 1636 At
917 1595 961 1636 id
990 1595 1160 1650 quidem
1192 1610 1279 1637 non
1310 1610 1404 1650 pro-

60 1653 202 1708 prium
234 1654 466 1695 senectutis
494 1653 647 1695 vitium
674 1656 751 1708 est,
783 1654 856 1695 sed
881 1668 1106 1696 commune
1131 1655 1403 1696 valetudinis.

61 1711 198 1761 Quam
221 1712 305 1754 fuit
330 1713 556 1754 inbecillus
582 1712 629 1754 P.
654 1712 849 1754 Africani
874 1713 1001 1767 filius,
1032 1713 1069 1754 is
1097 1713 1169 1767 qui
1200 1716 1244 1755 te
1276 1714 1403 1769 adop-

60 1772 189 1826 tavit,
226 1786 354 1826 quam
386 1771 505 1813 tenui
538 1774 612 1813 aut
643 1772 764 1813 nulla
794 1771 938 1827 potius
974 1772 1237 1814 valetudine!
1282 1771 1402 1821 Quod

59 1830 104 1872 ni
134 1830 197 1872 ita
227 1830 393 1886 fuisset,
426 1831 609 1872 alterum
641 1830 748 1873 illud
780 1830 995 1872 extitisset
1026 1831 1172 1872 lumen
1195 1831 1403 1885 civitatis;

25 1901 42 1926 ο
61 1888 115 1931 ad
145 1891 370 1945 paternam
403 1889 515 1931 enim
547 1888 889 1945 magnitudinem
922 1889 1054 1931 animi
1085 1890 1280 1932 doctrina
1304 1891 1403 1943 ube—

60 1948 148 1990 rior
179 1951 429 1990 accesserat.
485 1947 595 1997 Quid
628 1948 783 1990 mirum
814 1949 950 2004 igitur
980 1949 1027 1990 in
1057 1948 1243 2004 senibus,
1274 1949 1311 1990 si
1341 1949 1402 1991 in-

59 2006 172 2048 firmi
204 2008 291 2049 sint
323 2008 572 2062 aliquando,
611 2022 707 2050 cum
744 2007 788 2049 id
819 2022 872 2049 ne
905 2007 1197 2050 adulescentes
1231 2007 1401 2062 quidem

60 2066 246 2122 effugere
283 2067 482 2122 possint?
542 2066 865 2121 Resistendum,
902 2066 1023 2108 Laeli
1060 2069 1103 2108 et
1140 2065 1300 2122 Scipio,
1341 2081 1401 2109 se-

57 2125 220 2167 nectuti
247 2128 324 2180 est,
355 2125 529 2180 eiusque
554 2126 662 2167 vitia
688 2125 914 2182 diligentia
941 2126 1257 2180 compensanda
1283 2128 1401 2181 sunt3

12 2193 38 2219 ³5
57 2184 334 2238 pugnandum
353 2187 576 2239 tamquam
602 2187 754 2227 contra
784 2185 1034 2226 morborum
1058 2185 1145 2226 vim
1171 2185 1232 2226 sic
1251 2188 1401 2227 contra

59 2246 333 2298 senectutem,
357 2243 555 2285 habenda
574 2243 686 2285 ratio
712 2243 984 2298 valetudinis,
1009 2243 1215 2285 utendum
1247 2244 1400 2285 exerci-
1428 2254 1469 2286 35

57 2301 295 2344 tationibus
315 2302 505 2357 modicis,
532 2304 703 2344 tantum
724 2302 807 2344 cibi
828 2304 871 2344 et
889 2298 1400 2358 potionis'adhibendum,
