1663 2490
127 326 169 358 57

127 795 169 826 58

128 1056 170 1088 59

131 1005 180 1045 17
196 1018 274 1072 bit,
300 1017 501 1071 quoniam
523 1017 611 1058 sine
631 1017 684 1058 iis
704 1018 832 1059 beata
851 1032 943 1058 esse
963 1019 1156 1059 senectus
1176 1019 1331 1072 potest.
1371 1016 1532 1058 Multas
1554 1028 1585 1053 15

205 91 283 133 152
516 90 637 125 CATO
663 90 818 125 MAIOR
842 90 906 124 DE
933 89 1211 125 SENECTUTE

198 199 320 252 lacte,
353 212 488 251 caseo,
519 198 659 239 melle.
713 195 805 238 Iam
837 196 1011 238 hortum
1042 197 1126 252 ipsi
1158 197 1370 253 agricolae
1402 197 1531 239 succi-

198 257 310 298 diam
343 257 524 297 alteram
557 256 788 310 appellant.
838 253 1089 297 Conditiora
1116 255 1221 297 facit
1251 256 1356 297 haec
1388 270 1531 310 super-

196 315 393 357 vacaneis
426 315 556 355 etiam
588 313 727 368 operis
761 313 987 368 aucupium
1019 317 1146 368 atque
1177 314 1360 356 venatio.
1421 313 1531 362 Quid

198 374 247 415 de
290 375 514 428 pratorum
557 372 775 413 viriditate
818 374 893 413 aut
942 373 1143 414 arborum
1193 372 1411 414 ordinibus
1456 375 1531 414 aut

196 433 417 474 vinearum
460 431 770 473 olivetorumve
820 430 957 485 specie
1007 432 1133 486 plura
1183 431 1348 473 dicam?
1409 431 1530 472 brevi
1566 441 1582 467 ⁵

196 490 455 546 praecidam:
491 488 606 544 Agro
638 490 745 530 bene
776 490 890 531 culto
916 489 1024 530 nihil
1049 492 1193 545 potest
1222 504 1313 531 esse
1343 504 1420 531 nec
1451 503 1531 531 usu

196 549 368 591 uberius
385 562 461 589 nec
476 548 614 602 specie
629 547 840 602 ornatius3
860 548 913 589 ad
927 562 1052 602 quem
1065 548 1289 590 fruendum
1303 563 1389 590 non
1404 548 1530 590 modo

196 622 281 649 non
301 607 504 660 retardat,
529 620 677 648 verum
701 606 831 647 etiam
849 606 1006 648 invitat
1032 610 1160 661 atque
1180 607 1367 648 adlectat
1393 621 1532 648 senec-

197 669 279 707 tus.
310 664 397 707 Ubi
417 665 529 706 enim
548 667 693 720 potest
712 665 790 706 illa
810 668 927 706 aetas
949 668 1023 706 aut
1043 666 1252 707 calescere
1276 666 1344 707 vel
1371 665 1531 720 aprica-

197 725 313 766 tione
356 723 509 765 melius
552 724 621 765 vel
664 724 756 779 igni
799 726 873 765 aut
916 724 1105 765 vicissim
1148 724 1311 764 umbris
1356 724 1531 778 aquisve
1552 735 1584 759 ιο

198 782 443 838 refrigerari
475 782 719 824 salubrius?
775 781 866 823 Sibi
896 782 1085 824 habeant
1115 782 1249 837 igitur
1281 797 1417 837 arma,
1449 782 1533 823 sibi

197 856 346 896 equos,
385 841 467 882 sibi
498 841 666 895 hastas,
704 840 786 882 sibi
823 841 990 882 clavam
1027 844 1070 882 et
1106 841 1258 896 pilam,
1295 841 1378 882 sibi
1414 843 1533 882 nata-

196 900 335 942 tiones
369 902 496 954 atque
529 914 689 955 cursus,
719 899 843 941 nobis
877 900 1048 941 senibus
1081 914 1131 941 ex
1162 899 1400 941 lusionibus
1427 900 1533 941 mul-

196 959 253 1000 tis
280 959 393 1000 talos
419 958 666 1013 relinquant
697 961 740 1000 et
764 961 962 1012 tesseras,
996 958 1040 999 id
1070 958 1210 1013 ipsum
1242 961 1386 1000 utrum
1418 959 1534 999 lube-

198 1076 251 1118 ad
282 1091 349 1118 res
381 1076 584 1131 perutiles
616 1076 915 1130 Xenophontis
953 1076 1054 1117 libri
1092 1078 1208 1130 sunt3
1247 1091 1351 1130 quos
1390 1076 1533 1131 legite,

198 1149 368 1189 quaeSO,
401 1135 602 1188 studiose,
633 1137 681 1176 ut
711 1134 865 1176 facitis.
915 1133 1051 1183 Quam
1082 1135 1251 1189 copiose
1284 1135 1337 1176 ab
1364 1149 1412 1176 eo
1440 1135 1534 1190 agri

198 1194 367 1235 cultura
409 1194 609 1235 laudatur
650 1193 696 1234 in
740 1208 788 1234 eo
826 1193 956 1247 libro,
1001 1193 1073 1247 qui
1110 1196 1175 1234 est
1207 1193 1257 1234 de
1294 1193 1452 1234 tuenda
1488 1207 1533 1234 re

196 1252 422 1306 familiari,
454 1252 527 1306 qui
558 1251 863 1294 Oeconomicus
894 1251 1160 1293 inscribitur!
1221 1251 1364 1306 Atque
1394 1254 1444 1292 ut
1474 1252 1534 1293 in-

198 1310 418 1366 tellegatis
456 1310 565 1351 nihil
604 1310 642 1352 ei
679 1313 769 1351 tam
806 1310 952 1365 regale
996 1310 1130 1351 videri
1173 1324 1302 1364 quam
1346 1310 1533 1352 studium
1553 1323 1587 1348 20

199 1369 293 1425 agri
325 1369 503 1424 colendi,
535 1367 731 1411 Socrates
763 1369 808 1410 in
839 1383 888 1410 eo
920 1369 1031 1410 libro
1061 1369 1252 1422 loquitur
1277 1383 1372 1410 cuin
1400 1367 1534 1411 Crito-

199 1429 300 1469 bulo
334 1427 492 1482 Cyrum
524 1428 751 1482 minorem,
782 1426 1010 1468 Persarum
1042 1441 1205 1483 regem,
1242 1429 1535 1482 praestantem

197 1486 369 1542 ingenio
403 1489 531 1540 atque
562 1486 732 1541 imperii
765 1486 921 1541 gloria,
953 1500 1049 1527 cum
1079 1485 1298 1540 Lysander
1328 1486 1535 1528 Lacedae-

199 1545 381 1599 monius,
411 1545 477 1586 vir
509 1558 700 1587 summae
732 1544 927 1598 virtutis,
958 1544 1146 1586 venisset
1178 1544 1230 1586 ad
1262 1559 1357 1586 eum
1389 1544 1533 1586 Sardis

199 1604 320 1658 eique
365 1604 475 1645 dona
513 1619 538 1645 a
581 1603 708 1645 sociis
753 1603 997 1657 adtulisset,
1041 1606 1083 1644 et
1126 1603 1276 1645 ceteris
1319 1604 1364 1644 in
1406 1604 1533 1645 rebus
1555 1615 1588 1640 25

199 1677 362 1705 comem
395 1676 498 1717 erga
528 1662 797 1717 Lysandrum
834 1665 961 1716 atque
993 1662 1227 1703 humanum
1257 1661 1389 1703 fuisse
1422 1665 1465 1704 et
1497 1663 1535 1704 ei

200 1721 410 1776 quendam
430 1723 708 1776 consaeptum
736 1734 888 1776 agrum
912 1720 1140 1776 diligenter
1158 1721 1370 1763 consitum
1397 1723 1535 1762 osten-

201 1780 324 1821 disse.
386 1778 493 1822 Cum
532 1782 676 1821 autem
715 1779 999 1821 admiraretur
1029 1779 1247 1834 Lysander
1278 1782 1320 1821 et
1351 1780 1535 1834 proceri-

198 1842 310 1880 tates
350 1839 553 1880 arborum
590 1841 633 1879 et
670 1838 861 1880 derectos
898 1838 943 1879 in
981 1838 1259 1892 quincuncem
1291 1838 1460 1880 ordines
1494 1841 1536 1879 et

199 1897 376 1939 humum
409 1898 631 1939 subactam
663 1900 790 1952 atque
816 1912 968 1952 puram
994 1900 1036 1938 et
1062 1897 1319 1938 suavitatem
1345 1897 1536 1951 odorum,
1555 1907 1590 1933 30
1653 1904 1662 1927 ι

201 1956 273 2010 qui
311 1956 572 1997 adflarentur
610 1970 659 1997 ex
695 1955 891 2010 floribus,
931 1958 1024 1997 tum
1061 1970 1156 1997 eum
1195 1955 1350 1996 dixisse
1388 1955 1536 1996 mirari

201 2029 245 2056 se
275 2028 362 2056 non
394 2015 518 2056 modo
552 2014 839 2070 diligentiam,
880 2014 952 2055 sed
990 2014 1119 2055 etiam
1157 2014 1395 2055 sollertiam
1434 2013 1537 2068 eius,

201 2089 226 2114 a
257 2087 339 2126 quo
373 2076 514 2114 essent
544 2073 621 2114 illa
653 2073 844 2114 dimensa
875 2075 1003 2126 atque
1041 2073 1264 2127 discripta3
1301 2075 1344 2114 et
1376 2071 1536 2126 Cyrum

200 2131 487 2186 respondisse:
528 2131 709 2186 eAtqui
746 2146 837 2187 ego
875 2131 977 2173 ista
1015 2146 1120 2173 sum
1152 2131 1320 2173 omnia
1351 2131 1538 2172 dimen-

201 2204 305 2244 sus,
346 2191 441 2231 mei
473 2193 589 2232 sunt
621 2190 842 2244 ordines,
879 2204 986 2231 mea
1018 2189 1308 2245 discriptio,
1345 2190 1537 2231 multae
1557 2199 1589 2226 ³⁵

201 2248 355 2290 etiam
386 2248 603 2290 istarum
635 2249 872 2290 arborum
903 2263 1010 2290 mea
1041 2263 1186 2290 manu
1219 2251 1336 2290 sunt
1367 2246 1537 2290 satae?
1616 2243 1620 2270 ί

202 2307 310 2349 Tum
337 2307 604 2362 Lysandrum
630 2308 867 2349 intuentem
892 2322 1126 2363 purpuram
1156 2307 1245 2348 eius
1279 2310 1321 2348 et
1352 2307 1537 2350 nitorem
1615 2305 1618 2314 ’
