1673 2505
127 463 167 493 14

139 1567 164 1607 6

126 1930 164 1961 [ss

192 110 280 150 422
452 110 504 145 IN
530 109 567 146 C.
594 110 862 145 SALUSTIUM
888 110 1266 147 CONTROVERSIA.

193 218 319 273 gulae
356 218 682 272 impudicissimi
726 217 915 272 corporis
960 220 1162 272 quaestus
1207 219 1399 260 sufficere
1442 233 1528 261 non

192 277 335 331 potuit
373 279 416 317 et
454 279 572 318 aetas
610 279 685 317 tua
715 277 802 317 iam
834 276 887 317 ad
919 290 968 317 ea
998 276 1217 331 patienda,
1256 292 1363 331 quae
1401 278 1528 319 alteri

191 335 331 377 facere
369 335 651 387 collibuisset,
695 335 954 388 exoleverat,
998 334 1304 389 cupiditatibus
1346 336 1526 377 infinitis

194 394 455 448 efferebaris,
492 396 558 445 ut,
599 408 706 448 quae
737 393 829 447 ipse
860 393 1030 448 corpori
1059 396 1134 435 tuo
1166 394 1311 448 turpia
1339 409 1427 436 non
1458 395 1529 436 du-

193 453 345 505 xisses,
388 452 433 493 in
477 452 572 493 aliis
616 451 878 506 experireris.
944 451 1013 493 Ita
1054 466 1142 493 non
1185 455 1250 493 est
1292 452 1418 494 facile
1462 468 1528 495 ex-

192 513 361 566 putare,
398 512 543 564 patres
576 510 824 564 conscripti,
861 512 1006 551 utrum
1043 510 1408 552 inhonestioribus
1440 526 1528 553 cor-

192 570 308 624 poris
348 569 544 623 partibus
582 584 672 610 rem
710 569 940 623 quaesierit
978 584 1032 610 an
1071 569 1274 610 amiserit.
1340 569 1527 611 Domum

192 631 417 682 paternam
454 627 551 669 vivo
590 630 713 682 patre
750 628 946 668 venalem
989 628 1159 681 habuit,
1202 628 1403 670 vendidit.
1470 628 1529 669 Et

193 687 389 740 cuiquam
423 686 598 727 dubium
629 688 773 741 potest
806 700 909 740 esse,
942 686 1042 740 quin
1072 686 1182 728 mori
1208 686 1396 741 coegerit
1421 701 1528 738 eum,

194 759 276 798 quo
314 744 383 786 hic
419 745 607 786 nondum
646 747 814 786 mortuo
846 759 924 800 pro
957 745 1110 786 herede
1142 746 1325 800 gesserit
1356 745 1528 787 omnia?

192 803 341 857 Neque
378 804 509 858 pudet
547 818 642 844 eum
675 818 699 844 a
737 818 803 844 me
841 818 1061 858 quaerere,
1099 804 1192 858 quis
1230 803 1276 844 in
1305 803 1351 845 P.
1383 802 1529 846 Crassi

193 862 317 903 domo
362 862 550 915 habitet,
601 877 697 903 cum
746 862 837 916 ipse
879 862 1135 917 respondere
1178 865 1383 917 nequeat,
1434 863 1527 917 quis

191 921 236 961 in
272 921 407 975 ipsius
445 921 614 962 habitet
650 923 830 975 paterna
866 921 1003 962 domo.
1063 921 1124 962 At
1154 921 1349 963 hercules
1380 921 1527 976 lapsus

192 980 347 1020 aetatis
379 979 576 1021 tirocinio
609 982 761 1034 postea
792 994 837 1020 se
869 979 1063 1021 correxit.
1123 979 1222 1021 Non
1252 980 1315 1021 ita
1347 982 1423 1033 est,
1456 980 1528 1022 sed

194 1038 300 1079 abiit
331 1038 375 1079 in
407 1038 657 1079 sodalicium
690 1038 905 1094 sacrilegii
930 1037 1162 1093 Nigidiani,
1193 1038 1260 1080 bis
1292 1038 1442 1080 iudicis
1475 1039 1528 1080 ad

192 1097 399 1138 subsellia
426 1099 636 1138 attractus
663 1099 853 1138 extrema
879 1097 1052 1138 fortuna
1078 1097 1200 1138 stetit
1226 1099 1269 1138 et
1293 1097 1356 1138 ita
1377 1097 1528 1139 disces-

193 1156 268 1209 sit,
304 1158 353 1197 ut
389 1170 477 1198 non
513 1156 582 1198 hic
618 1156 820 1197 innocens
860 1170 968 1208 esse,
1007 1156 1081 1197 sed
1116 1156 1275 1197 iudices
1314 1156 1527 1210 peierasse

192 1215 550 1256 existimarentur.
606 1214 797 1255 Primum
829 1215 1036 1256 honorem
1064 1215 1109 1255 in
1141 1217 1372 1269 quaestura
1404 1215 1527 1269 adep-

190 1276 260 1314 tus
300 1274 330 1326 †
368 1276 536 1315 secutus
576 1276 641 1314 est
678 1273 790 1315 hunc
826 1274 966 1315 locum
999 1276 1041 1315 et
1077 1273 1190 1315 hunc
1228 1273 1420 1315 ordinem
1458 1273 1527 1314 de-

192 1334 374 1387 spectus,
406 1332 524 1373 cuius
557 1333 697 1373 aditus
730 1332 812 1373 sibi
845 1347 1011 1386 quoque
1044 1332 1338 1373 sordidissimo
1364 1332 1528 1373 homini

190 1390 413 1446 patuisset.
473 1390 626 1445 Itaque
657 1391 831 1444 timens,
869 1405 920 1431 ne
958 1390 1150 1432 facinora
1188 1391 1277 1432 eius
1308 1391 1419 1432 clam
1450 1405 1527 1432 vos

191 1452 346 1500 essent,
378 1464 473 1491 cum
506 1449 702 1490 omnibus
734 1452 922 1490 matrum
953 1449 1215 1490 familiarum
1241 1449 1345 1490 viris
1375 1464 1528 1504 oppro-

190 1508 284 1550 brio
318 1511 443 1562 esset,
475 1508 692 1550 confessus
726 1510 791 1549 est
822 1508 944 1550 vobis
975 1508 1244 1549 audientibus
1271 1508 1527 1549 adulterium

190 1581 326 1621 neque
359 1566 529 1608 erubuit
564 1581 639 1608 ora
670 1569 825 1608 vestra.
887 1566 1073 1620 VixeriS,
1111 1569 1159 1608 ut
1190 1567 1314 1621 libet,
1353 1565 1527 1620 Salusti,

191 1626 347 1681 egeris,
386 1640 493 1680 quae
524 1626 728 1679 volueris3
767 1625 872 1666 satis
909 1626 966 1666 sit
996 1640 1128 1666 unum
1159 1627 1202 1667 te
1233 1628 1407 1667 tuorum
1439 1639 1526 1667 sce-

190 1685 327 1725 lerum
353 1699 445 1726 esse
472 1685 706 1738 conscium,
731 1684 821 1725 noli
844 1684 969 1725 nobis
989 1684 1242 1739 languorem
1263 1687 1305 1726 et
1329 1698 1526 1739 soporem

189 1743 368 1784 nimium
401 1743 675 1798 exprobrare,
708 1757 854 1784 sumus
887 1743 1115 1799 diligentes
1146 1743 1192 1784 in
1222 1743 1380 1785 tuenda
1408 1743 1527 1797 pudi-

191 1802 292 1843 citia
316 1817 497 1844 uxorum
521 1805 779 1852 nostrarum,
811 1801 884 1844 sed
909 1802 972 1843 ita
997 1802 1231 1857 experrecti
1255 1816 1343 1843 non
1368 1815 1526 1854 sumus,

190 1863 238 1902 ut
276 1876 300 1902 a
336 1863 379 1902 te
418 1876 567 1903 cavere
603 1861 836 1916 possimus,
880 1861 1057 1902 audacia
1100 1863 1176 1902 tua
1215 1861 1348 1902 vincit
1385 1860 1527 1902 studia

189 1922 348 1961 nostra.
399 1920 575 1974 Ecquod
600 1920 713 1962 hunc
739 1934 908 1961 movere
934 1920 1085 1975 possit,
1111 1922 1257 1974 patres
1284 1919 1526 1973 conscripti,

189 1979 350 2020 factum
383 1979 531 2020 auditu
562 1982 699 2034 turpe,
732 1993 856 2034 quem
888 1993 975 2020 non
1006 1979 1205 2034 puduerit
1232 1979 1377 2034 palam
1403 1977 1526 2019 vobis

190 2037 460 2079 audientibus
493 2038 750 2079 adulterium
783 2037 1005 2079 confiteri?
1050 2036 1211 2086 Quodsi
1241 2037 1322 2078 tibi
1352 2051 1428 2091 per
1460 2051 1526 2077 me

188 2096 296 2137 nihil
333 2097 589 2151 respondere
626 2097 877 2150 voluissem,
915 2096 988 2137 sed
1025 2096 1133 2137 illud
1170 2095 1408 2138 censorium
1444 2095 1527 2136 elo-

190 2155 307 2210 gium
337 2155 451 2210 Appi
478 2154 630 2197 Claudi
656 2158 698 2196 et
724 2155 769 2196 L.
795 2155 975 2209 Pisonis,
1007 2154 1383 2211 integerrimorum
1414 2153 1527 2195 viro-

189 2229 301 2267 rum,
347 2228 429 2267 quo
467 2228 569 2255 usus
607 2216 672 2256 est
711 2214 890 2268 quisque
927 2228 1091 2267 eorum,
1131 2227 1209 2268 pro
1248 2213 1344 2268 lege
1381 2212 1526 2268 palam

189 2273 398 2314 universis
425 2272 662 2323 recitarem,
687 2287 827 2314 nonne
854 2272 934 2314 tibi
958 2272 1124 2314 viderer
1144 2274 1339 2314 aeternas
1359 2271 1527 2312 inurere

189 2332 397 2384 maculas,
443 2346 548 2386 quas
592 2331 758 2386 reliqua
800 2332 891 2374 vita
935 2334 1009 2372 tua
1050 2331 1190 2372 eluere
1228 2345 1314 2372 non
1350 2329 1528 2385 posset?

1550 758 1582 783 10

1549 1050 1581 1075 15

1548 1344 1581 1368 20

1547 1636 1580 1662 25

1546 1930 1578 1956 30

1547 2223 1579 2249 35
