1663 2490
117 1072 157 1102 29

118 1484 161 1514 30

123 2189 164 2221 31

182 75 206 115 9
213 75 238 115 8
701 70 765 107 DE
793 70 990 107 orricius

183 181 432 223 societatem
452 181 687 223 communis
708 181 913 222 utilitatis
934 195 1062 222 causa
1088 184 1285 223 statuunt
1310 196 1402 223 esse
1422 196 1519 223 cum

183 240 364 293 civibus,
403 255 510 295 quae
556 240 769 281 sententia
814 254 982 281 omnem
1021 241 1269 282 societatem
1316 240 1520 282 distrahit

183 299 383 340 civitatis.
445 298 526 347 Qui
558 301 702 339 autem
741 298 897 339 civium
935 299 1146 340 rationem
1180 299 1325 341 dicunt
1356 299 1518 340 haben-

183 357 298 411 dam,
331 359 604 399 externorum
634 359 815 411 negant,
846 356 877 397 ii
908 356 1114 398 dirimunt
1146 372 1413 399 communem
1443 358 1519 399 hu-

184 416 299 457 mani
333 416 499 471 generis
533 415 800 469 societate1n3
833 430 917 469 qua
943 416 1116 457 sublata
1141 416 1439 470 beneficentia,
1472 416 1519 457 li-
1555 428 1572 454 5

182 475 408 528 beralitas,
440 474 633 527 bonitas,
664 474 832 515 iustitia
863 474 1056 515 funditus
1088 475 1275 528 tollitur3
1308 490 1415 529 quae
1449 474 1521 529 qui

183 534 363 586 tollunt,
408 533 539 574 etiam
583 533 786 574 adversus
825 532 925 574 deos
963 533 1214 574 inmortales
1258 534 1380 588 impii
1417 533 1521 574 iudi-

184 592 307 635 candi
340 594 449 632 sunt.
512 591 581 632 Ab
619 591 672 632 iis
712 591 825 632 enim
862 592 1143 633 constitutam
1180 592 1292 633 inter
1324 592 1520 634 homines

184 652 433 692 societatem
472 653 686 703 evertunt,
724 650 842 691 cuius
880 650 1098 692 societatis
1138 651 1401 692 artissimum
1432 652 1521 692 vin-

184 710 326 752 culum
360 713 425 750 est
457 709 596 765 magis
624 709 827 750 arbitrari
859 723 951 750 esse
977 712 1128 751 eontra
1158 712 1359 750 naturam
1383 709 1519 751 homi-
1540 722 1573 746 10

184 783 281 809 nem
313 768 478 809 homini
510 768 733 809 detrahere
773 767 839 809 sui
870 768 1082 809 commodi
1114 783 1241 809 causa
1274 783 1403 822 quam
1435 783 1521 810 om·

184 827 255 868 nia
291 827 562 868 incommoda
600 826 743 868 subire
781 826 849 868 vel
889 829 1063 868 externa
1100 827 1168 868 vel
1207 827 1397 881 corporis
1424 860 1432 868 .

184 886 252 927 vel
297 886 427 927 etiam
471 885 606 940 ipsius
651 885 800 933 animi,
843 899 950 940 quae
993 888 1146 926 vacent
1188 885 1374 940 iustitia3
1416 885 1521 928 haec

185 945 297 986 enim
334 960 419 986 una
456 944 594 986 virtus
633 944 823 985 onmium
861 946 927 985 est
965 943 1137 985 domina
1175 947 1217 985 et
1254 944 1403 1000 regina
1441 945 1522 986 vir-

184 1007 337 1045 tutum.
1543 1014 1576 1040 15

272 1062 475 1104 Forsitan
513 1062 726 1116 quispiam
764 1062 935 1103 dixerit:
974 1060 1127 1103 Nonne
1165 1062 1300 1117 igitur
1339 1062 1522 1116 sapiens,

187 1122 223 1162 si
259 1121 372 1162 fame
409 1122 501 1176 ipse
540 1121 800 1167 conficiatur,
839 1120 1067 1162 abstulerit
1105 1121 1246 1162 cibum
1286 1121 1412 1162 alteri
1450 1121 1522 1162 ho-

186 1180 291 1221 mini
322 1180 375 1221 ad
410 1180 574 1221 nullam
606 1194 695 1220 rem
727 1179 853 1220 utili?
911 1179 1103 1231 [Minime
1136 1194 1255 1234 vei·0;
1292 1194 1377 1221 non
1409 1180 1521 1220 enim

186 1238 293 1284 mihi
324 1240 392 1282 est
420 1241 512 1281 Vita
548 1253 645 1282 mea
680 1241 829 1282 utilior
867 1251 995 1293 quam
1027 1236 1159 1280 animi
1192 1237 1293 1279 talis
1325 1238 1521 1292 adfectio,

186 1298 399 1339 neminem
438 1300 485 1338 ut
522 1297 679 1338 violem
717 1297 927 1338 commodi
960 1298 1042 1337 mei
1075 1297 1246 1352 gratia]
1309 1296 1447 1344 Quid?
1487 1298 1522 1338 si
1542 1309 1575 1334 20

187 1356 429 1409 Phalarim,
455 1355 669 1397 crudelem
694 1358 923 1409 tyrannum
951 1358 997 1396 et
1021 1355 1256 1409 inmanem,
1281 1355 1347 1397 vir
1372 1357 1522 1410 bonus,

187 1430 238 1457 ne
282 1415 374 1470 ipse
418 1414 580 1470 frigore
624 1415 890 1465 conficiatur,
933 1414 1095 1455 vestitu
1140 1414 1326 1468 spoliare
1372 1415 1522 1469 possit,

186 1489 327 1516 nonne
364 1473 525 1515 faciat?
587 1472 705 1514 Haec
749 1473 801 1514 ad
845 1472 1115 1514 iudicandum
1161 1475 1260 1514 sunt
1302 1472 1521 1514 facillima.

187 1532 319 1587 Nam,
352 1532 388 1573 si
414 1532 515 1586 quid
541 1532 594 1573 ab
626 1532 798 1573 homine
825 1532 878 1573 ad
902 1532 1067 1572 nullam
1092 1534 1260 1586 partem
1286 1532 1383 1572 utili
1408 1532 1522 1573 utili-

188 1592 291 1633 tatis
323 1594 422 1632 tuae
455 1605 583 1632 causa
615 1590 866 1644 detraxeris,
903 1590 1134 1631 inhumane
1171 1590 1322 1631 feceris
1356 1594 1520 1632 contra·
1541 1602 1575 1628 25

190 1666 270 1705 que
302 1653 481 1691 naturae
513 1650 671 1705 legem3
704 1650 771 1690 sin
802 1651 945 1690 autem
976 1649 1012 1690 is
1045 1651 1093 1690 tu
1126 1649 1202 1703 sis,
1236 1649 1307 1703 qui
1339 1649 1522 1690 multam

189 1709 425 1750 utilitatem
457 1708 518 1749 rei
549 1708 746 1763 publicae
773 1711 900 1762 atque
926 1707 1149 1749 hominum
1176 1708 1388 1762 societati,
1417 1708 1452 1749 si
1480 1709 1521 1749 in

189 1768 280 1809 vita
304 1782 544 1820 remaneas,
576 1766 740 1808 adferre
766 1766 925 1821 possis,
959 1766 995 1807 si
1021 1766 1122 1820 quid
1148 1766 1202 1808 ob
1229 1781 1323 1808 eam
1349 1781 1522 1808 causam

191 1826 316 1868 alteri
349 1825 600 1875 detraxeris,
631 1840 718 1866 non
744 1825 801 1866 sit
825 1825 1228 1880 reprehendendum.
1279 1823 1353 1866 Sin
1379 1828 1521 1866 autem

189 1885 231 1926 id
262 1899 348 1926 non
386 1885 443 1926 sit
475 1885 563 1925 eius
596 1884 728 1938 modi,
769 1898 893 1925 suum
926 1884 1074 1938 cuique
1112 1884 1428 1925 incommodum
1467 1884 1575 1925 fe-ao

190 1944 368 1984 rendum
400 1946 466 1985 est
496 1942 640 1998 potius
674 1958 801 1997 quam
833 1943 883 1984 de
916 1942 1092 1984 alterius
1125 1942 1358 1984 commodis
1387 1943 1523 1984 detra-

190 2002 387 2043 hendum.
442 2000 541 2043 Non
572 2001 706 2057 igitur
737 2001 875 2057 magis
908 2004 973 2042 est
1005 2003 1154 2043 contra
1184 2003 1383 2042 naturam
1414 2016 1524 2043 mor-

192 2061 270 2102 bus
311 2063 385 2101 aut
423 2063 592 2116 egestas
631 2063 704 2101 aut
743 2060 843 2114 quid
881 2060 968 2101 eius
1007 2059 1122 2101 modi
1155 2074 1282 2113 quam
1315 2060 1523 2102 detractio

193 2122 320 2173 atque
340 2119 548 2173 appetitio
570 2119 710 2173 alieni,
731 2119 803 2160 sed
824 2118 1058 2160 communis
1080 2118 1282 2159 utilitatis
1304 2118 1523 2160 derelictio

194 2181 343 2220 contra
367 2180 567 2219 naturam
594 2181 676 2231 est;
709 2180 774 2219 est
800 2177 911 2219 enim
937 2177 1108 2218 iniusta.
1157 2177 1309 2232 Itaque
1335 2178 1403 2219 lex
1429 2178 1523 2232 ipsa
1543 2189 1576 2214 35

191 2239 388 2289 naturae,
427 2251 533 2290 quae
571 2236 806 2278 utilitatem
844 2236 1066 2278 hominum
1098 2238 1324 2278 conservat
1356 2239 1398 2277 et
1430 2251 1524 2278 con-

194 2296 318 2347 tinet,
358 2295 553 2337 decernet
591 2295 801 2350 profecto,
839 2298 887 2336 ut
925 2295 978 2336 ab
1019 2295 1191 2336 homine
1229 2295 1357 2336 inerti
1396 2297 1524 2346 atque
