1663 2490
170 68 199 105 4
692 61 756 96 DE
783 61 980 96 OFFICIIS

171 170 408 224 ralitatem3
444 170 571 211 fortis
609 184 709 211 vero
742 169 934 210 dolorem
965 183 1179 211 summum
1211 169 1373 210 malum
1402 169 1507 211 iudi-

171 243 272 271 cans
305 231 379 270 aut
409 231 654 283 temperans
686 228 955 282 voluptatem
986 241 1200 269 summum
1231 228 1391 269 bonum
1423 230 1507 270 sta-

124 300 145 330 6
172 290 295 329 tuens
329 301 422 329 esse
453 289 567 329 certe
598 286 717 328 nullo
745 286 872 327 modo
898 288 1054 340 potest.
1104 285 1220 334 Quae
1246 301 1506 341 quamquam

171 347 235 388 ita
266 348 366 388 sunt
401 346 446 387 in
483 347 705 400 promptu,
745 347 794 385 ut
831 358 899 385 res
931 344 1221 399 disputatione
1252 359 1338 386 non
1370 347 1506 400 egeat,

169 407 317 446 tamen
355 407 454 445 sunt
491 419 516 445 a
547 403 670 445 nobis
709 403 793 444 alio
832 402 925 445 loco
963 402 1194 458 disputata.
1255 402 1348 444 Hae
1386 403 1507 445 disci·
1543 415 1559 440 5

168 464 312 518 plinae
338 463 472 518 igitur
498 462 534 502 si
559 462 642 503 sibi
667 463 977 503 consentaneae
1002 461 1137 503 velint
1162 476 1266 515 esse,
1289 461 1340 503 de
1366 461 1506 504 officio

168 522 278 563 nihil
309 523 469 576 queant
500 520 655 574 dicere,
686 534 822 574 neque
847 520 938 561 ulla
963 519 1093 561 officii
1118 523 1346 575 praecepta
1371 520 1507 574 firma,

171 580 362 633 stabilia,
403 579 630 621 coniuncta
659 581 839 619 naturae
875 578 989 619 tradi
1019 582 1200 633 possunt
1231 579 1315 620 nisi
1347 582 1421 620 aut
1451 579 1506 620 ab

169 639 241 693 iis,
279 639 352 693 qui
390 638 545 691 solam,
584 640 659 678 aut
697 637 750 678 ab
788 637 858 690 iis,
903 637 975 691 qui
1013 637 1196 678 maxime
1233 637 1506 679 honestatem

168 700 346 752 propter
386 710 430 737 se
475 696 617 737 dicant
663 695 952 750 expetendam.
1020 695 1089 736 Ita
1131 695 1307 751 propria
1350 699 1415 737 est
1457 711 1507 738 ea
1528 709 1560 732 ιο

168 755 413 810 praeceptio
426 752 677 807 ,Stoicorum
685 787 694 808 ,
715 754 1084 807 Academicorum,
1110 753 1506 809 Peripateticorum,

170 814 373 868 quoniam
416 813 653 867 Aristonis,
685 812 938 867 Pyrrhonis,
968 811 1096 854 Erilli
1127 812 1213 854 iam
1244 813 1409 867 pridem
1441 827 1507 854 ex-

168 873 293 927 plosa
325 871 538 914 sententia
570 874 652 925 est3
683 871 756 925 qui
780 874 926 912 tamen
949 870 1159 912 haberent
1183 871 1249 912 ius
1276 885 1400 913 suum
1426 871 1507 913 dis-

168 930 348 986 putandi
392 930 441 972 de
480 930 638 983 officio,
677 930 713 971 si
756 944 900 971 rerum
943 930 1131 984 aliquem
1169 929 1371 972 dilectum
1411 930 1506 972 reli-

169 990 380 1044 quissent,
418 991 466 1030 ut
504 989 557 1031 ad
595 988 724 1030 officii
754 988 1045 1030 inventionem
1078 988 1218 1030 aditus
1251 991 1375 1030 esset.
1437 986 1506 1030 Se·
1528 1000 1560 1026 15

173 1063 347 1103 quemur
367 1048 502 1103 igitur
521 1048 602 1089 hoc
621 1047 791 1101 quidem
811 1050 1005 1102 tempore
1031 1049 1073 1088 et
1092 1046 1173 1089 hac
1191 1047 1235 1088 in
1256 1047 1506 1102 quaestione

168 1107 444 1162 potissimum
476 1105 642 1148 Stoicos
680 1120 767 1147 non
798 1109 847 1147 ut
877 1106 1151 1160 interpreteS,
1183 1105 1274 1160 sed,
1311 1109 1360 1147 ut
1400 1106 1506 1148 sole·

169 1180 280 1220 mus,
307 1180 329 1207 e
347 1165 539 1207 fontibus
561 1179 706 1206 eorum
725 1164 880 1206 iudicio
901 1164 1165 1219 arbitrioque
1189 1167 1351 1219 nostro,
1378 1179 1507 1218 quan·

168 1228 260 1266 tum
293 1238 460 1278 quoque
493 1223 618 1265 modo
651 1223 877 1277 videbitur,
907 1223 1165 1264 hauriemus.

120 1294 140 1326 7
255 1282 404 1324 Placet
434 1283 578 1338 igitur,
611 1282 812 1336 quoniam
843 1282 982 1323 omnis
1015 1282 1248 1336 disputatio
1282 1282 1332 1324 de
1364 1281 1505 1324 officio
1527 1295 1560 1319 20

167 1342 314 1383 futura
346 1344 428 1395 est,
466 1344 566 1382 ante
604 1340 796 1394 definire,
834 1340 935 1394 quid
967 1340 1023 1381 sit
1055 1340 1305 1394 officium3
1338 1341 1450 1395 quod
1481 1356 1507 1382 a

168 1400 374 1442 Panaetio
394 1399 745 1455 praetermissum
772 1413 863 1440 esse
889 1399 1032 1441 miror.
1077 1398 1224 1440 Omnis
1246 1399 1371 1454 enim,
1398 1414 1506 1454 quae

170 1460 231 1511 [a]
263 1460 431 1501 ratione
463 1458 695 1513 suscipitur
728 1457 778 1499 de
807 1457 952 1511 aliqua
982 1472 1028 1499 re
1058 1457 1293 1512 institutio,
1325 1458 1450 1499 debet
1481 1473 1507 1499 a

170 1518 414 1559 definitione
451 1516 680 1572 proficisci,
717 1519 766 1557 ut
796 1516 1087 1571 intellegatur,
1125 1516 1226 1571 quid
1263 1516 1320 1558 sit
1356 1516 1417 1570 id,
1454 1516 1505 1558 de

115 1577 141 1619 3
169 1591 252 1631 quo
285 1576 538 1631 disputetur.
561 1609 569 1617 .
590 1608 599 1617 .
620 1608 629 1617 .
688 1574 838 1616 Omnis
865 1575 914 1616 de
941 1575 1081 1617 officio
1108 1575 1264 1630 duplex
1290 1577 1356 1616 est
1381 1589 1506 1629 quae·
1525 1587 1558 1612 25

170 1635 269 1677 stio:
314 1649 445 1676 unum
478 1648 611 1690 genus
645 1636 727 1688 est,
766 1633 878 1687 quod
909 1634 1097 1688 pertinet
1129 1634 1182 1675 ad
1212 1634 1341 1675 finem
1375 1634 1506 1676 bono-

168 1709 280 1748 rum,
313 1694 514 1747 alterum,
547 1692 660 1747 quod
684 1692 872 1747 positum
900 1695 965 1733 est
989 1692 1035 1733 in
1060 1692 1318 1747 praeceptis,
1350 1692 1504 1746 quibus

168 1753 213 1793 in
245 1752 383 1794 omnis
415 1751 552 1807 partis
591 1765 692 1793 usus
729 1751 844 1792 vitae
876 1750 1135 1793 conformari
1165 1751 1314 1806 possit.
1343 1792 1346 1795 Α
1377 1749 1505 1806 Supe-

168 1811 294 1852 rioris
328 1810 495 1867 generis
527 1810 653 1851 huius
685 1809 801 1851 modi
833 1812 934 1851 sunt
965 1810 1177 1864 exempla:
1217 1809 1413 1851 omniane
1445 1815 1505 1852 ot·

168 1870 264 1911 ficia
289 1870 479 1925 perfecta
504 1869 609 1923 sint,
633 1883 735 1910 num
762 1868 874 1922 quod
901 1868 1087 1910 officium
1114 1868 1230 1909 aliud
1256 1869 1340 1910 alio
1367 1869 1504 1910 maius
1525 1880 1558 1905 30

169 1929 243 1982 sit,
282 1931 324 1969 et
362 1943 469 1982 quae
507 1930 607 1969 sunt
651 1927 817 1983 generis
862 1927 1061 1968 eiusdem.
1129 1926 1318 1975 Quorum
1360 1929 1504 1969 autem

170 1987 407 2029 officiorum
444 1989 673 2041 praecepta
709 1986 948 2040 traduntur,
986 2000 1035 2026 ea
1076 2000 1335 2040 quamquam
1378 1986 1504 2041 perti-

167 2048 271 2087 nent
297 2045 349 2087 ad
374 2045 502 2086 finem
527 2046 756 2099 bonorum,
781 2047 925 2086 tamen
951 2045 1090 2085 miuus
1117 2044 1159 2085 id
1185 2047 1375 2099 apparet,
1405 2045 1505 2099 quia

168 2104 307 2160 magis
347 2104 399 2145 ad
437 2104 753 2145 institutionem
790 2103 904 2145 vitae
941 2103 1177 2144 communis
1216 2106 1408 2158 spectare
1445 2104 1501 2145 vi-

169 2163 339 2216 dentur,
383 2162 433 2203 de
473 2163 625 2216 quibus
665 2166 730 2203 est
766 2162 890 2203 nobis
927 2161 994 2203 his
1033 2162 1155 2203 libris
1194 2162 1503 2217 explicandum.
1523 2173 1556 2198 3⁵

123 2233 142 2261 8
170 2222 312 2276 Atque
345 2221 475 2262 ctiam
507 2221 593 2262 alia
625 2220 776 2262 divisio
810 2223 875 2262 est
907 2220 1047 2262 officii.
1103 2219 1217 2262 Nam
1250 2223 1292 2261 et
1318 2220 1504 2262 medium

169 2280 381 2335 quoddam
407 2280 595 2321 officium
621 2279 775 2320 dicitur
807 2281 848 2320 et
873 2279 1121 2334 perfectum.
1170 2278 1412 2322 Perfectum
1445 2279 1503 2321 of-

1604 2213 1657 2264 ¹35

1603 2312 1606 2330 ι
