1663 2490
464 59 553 96 ΜΒ.
580 59 623 95 11.
675 58 775 93 CAP.
801 62 951 94 23—25.
1003 62 1021 101 §
1047 62 1195 94 82-88.
1442 59 1496 100 87

159 171 209 212 ut
240 167 335 210 aliis
368 167 502 221 detur,
534 167 630 208 aliis
664 166 894 220 auferatur,
926 166 1107 208 aberunt
1137 166 1179 220 ii,
1211 167 1282 220 qui
1309 181 1399 208 rem
1423 179 1499 222 pu⁴

127 259 131 262 -
159 227 317 269 blicam
337 226 584 279 tuebuntur,
609 225 650 266 in
678 226 912 280 primisque
933 239 1106 280 operam
1128 225 1302 279 dabunt,
1327 229 1374 266 ut
1394 226 1497 267 iuris

160 288 203 328 et
233 285 483 327 iudiciorum
518 284 734 338 aequitate
767 299 890 325 suum
917 284 1094 339 quisque
1123 286 1268 325 teneat
1294 287 1337 326 et
1361 299 1498 338 neque

160 344 373 386 tenuiores
405 345 581 398 propter
613 343 902 385 humilitatem
939 343 1326 385 circumveniantur
1362 357 1498 397 neque

124 415 140 441 5
160 403 447 458 locupletibus
480 401 532 443 ad
565 415 642 442 sua
673 402 739 442 vel
767 402 950 443 tenenda
974 401 1042 443 vel
1069 401 1359 456 recuperanda
1385 402 1499 443 obsit

159 461 336 516 invidia,
373 463 612 516 praeterea,
651 460 986 515 quibuscumque
1024 460 1151 501 rebus
1188 461 1254 501 vel
1294 461 1397 502 belli
1430 461 1497 502 vel

160 520 274 562 domi
305 522 520 575 poterunt,
553 533 643 560 rem
674 519 891 574 publicam
924 522 1111 575 augeant
1141 519 1334 574 imperio,
1370 521 1498 575 agris,

160 579 456 633 vectigalibus.
516 577 634 619 Haec
673 592 928 634 magnorum
966 578 1187 620 hominum
1232 581 1349 628 sunt,
1394 579 1498 620 haec

161 638 272 693 apud
297 637 481 679 maiores
507 639 680 678 nostros
705 636 916 691 factitata,
945 637 1049 679 haec
1077 651 1234 692 genera
1259 636 1498 679 officiorum

110 710 141 734 10
163 696 236 751 qui
273 699 601 752 persequentur,
640 710 734 737 cum
775 710 942 737 summa
980 696 1170 737 utilitate
1208 696 1270 737 rei
1302 696 1498 751 publicae

160 769 362 811 magnam
393 755 476 810 ipsi
510 754 798 809 adipiscentur
830 758 874 796 et
905 755 1091 810 gratiam
1124 758 1166 796 et
1199 755 1394 810 gloriam.

246 815 295 856 In
332 814 400 855 his
433 816 577 855 autem
612 813 851 855 utilitatum
882 813 1122 868 praeceptis
1154 813 1387 869 Antipater
1419 813 1498 868 Ty·
1524 825 1567 857 86

159 873 246 915 rius
273 871 453 926 Stoicus,
480 872 553 927 qui
572 871 755 914 Athenis
780 887 916 927 nuper
941 876 1007 914 est
1032 875 1240 927 mortuus,
1272 873 1353 915 duo
1380 887 1498 928 prae-

159 932 289 974 terita
319 934 464 973 censet
495 945 587 972 esse
619 947 644 973 a
675 931 897 985 Panaetio,
935 931 1195 973 valetudinis
1233 935 1497 974 curationem

107 1002 139 1027 15
159 993 203 1032 et
233 990 453 1045 pecuniae3
486 1004 592 1044 quas
617 1004 685 1031 res
712 1005 736 1032 a
762 1004 928 1031 summo
955 990 1214 1044 philosopho
1241 991 1497 1045 praeteritas

158 1049 362 1103 arbitror,
402 1048 514 1103 quod
553 1051 695 1090 essent
731 1048 899 1103 faciles,
937 1052 1038 1090 sunt
1069 1052 1182 1090 certe
1215 1049 1355 1091 utiles.
1417 1048 1498 1091 Sed

157 1108 358 1150 valetudo
396 1110 665 1149 sustentatur
702 1108 858 1149 notitia
895 1107 960 1149 sui
998 1107 1190 1162 corporis
1225 1112 1269 1149 et
1300 1109 1498 1150 observa-

157 1166 292 1220 tione,
333 1181 440 1221 quae
472 1180 540 1207 res
579 1169 653 1207 aut
689 1166 892 1221 prodesse
931 1166 1100 1208 soleant
1137 1170 1212 1208 aut
1250 1166 1418 1221 obesse,
1456 1170 1499 1208 et

158 1225 422 1267 continentia
452 1225 497 1265 in
528 1224 643 1266 victu
676 1225 793 1266 omni
825 1228 953 1279 atque
986 1226 1103 1267 cultu
1133 1226 1326 1280 corporis
1351 1226 1496 1267 tuendi

104 1296 139 1321 20
157 1299 286 1326 causa
330 1283 741 1340 [praetermittendis
784 1284 1100 1338 voluptatibus]
1111 1318 1122 1338 ,
1153 1288 1372 1339 postremo
1406 1287 1497 1326 arte

159 1358 325 1394 eorum,
375 1357 555 1397 quorum
599 1343 652 1384 ad
698 1343 919 1385 scientiam
963 1343 1067 1385 haec
1111 1344 1340 1398 pertinent.
1412 1344 1496 1385 Res
1524 1356 1566 1387 87

160 1404 302 1443 autem
328 1401 555 1443 familiaris
581 1402 728 1456 quaeri
754 1402 880 1443 debet
904 1402 957 1443 iis
983 1402 1122 1457 rebus,
1148 1417 1174 1444 a
1199 1403 1353 1457 quibus
1374 1402 1498 1444 abest

159 1461 398 1515 turpitudo,
438 1460 682 1502 conservari
714 1463 857 1502 autem
890 1460 1116 1516 diligentia
1148 1463 1190 1502 et
1222 1462 1498 1516 parsimonia,

159 1519 318 1561 eisdem
356 1519 486 1561 etiam
522 1520 649 1561 rebus
688 1520 847 1575 augeri.
906 1519 999 1561 Has
1042 1534 1110 1562 res
1154 1521 1497 1562 commodissime

104 1589 139 1615 25
158 1577 399 1633 Xenophon
430 1576 672 1620 Socraticus
704 1581 952 1633 persecutus
986 1581 1052 1620 est
1087 1579 1132 1620 in
1170 1594 1219 1621 eo
1257 1580 1386 1630 libro,
1425 1580 1497 1634 qui

159 1636 466 1679 Oeconomicus
503 1636 771 1688 inscribitur,
809 1652 935 1692 quem
972 1652 1068 1691 nos,
1105 1637 1191 1679 ista
1227 1637 1316 1680 fere
1355 1641 1496 1680 aetate

158 1711 254 1737 cum
274 1710 481 1750 essemus,
502 1710 585 1751 qua
617 1711 661 1737 es
681 1699 729 1737 tu
747 1711 871 1747 nunc,
891 1711 912 1737 e
934 1695 1096 1738 Graeco
1115 1696 1160 1737 in
1179 1696 1380 1746 Latinum
1401 1712 1496 1740 con-

158 1754 375 1797 vertimus.
414 1753 496 1796 Sed
520 1758 614 1797 toto
640 1755 721 1797 hoc
742 1755 791 1796 de
814 1769 978 1810 genere,
999 1755 1049 1796 de
1070 1756 1323 1811 quaerenda,
1343 1756 1394 1798 de
1413 1757 1496 1799 col-

158 1813 335 1856 locanda
355 1814 546 1869 pecunia,
566 1813 736 1868 (vellem
760 1814 890 1855 etiam
911 1814 961 1855 de
986 1814 1162 1869 utenda)
1182 1815 1445 1857 commodius
1472 1830 1497 1857 a

105 1882 138 1911 30
159 1873 413 1927 quibusdam
450 1873 638 1928 optumis
677 1873 781 1914 viris
820 1873 870 1914 ad
902 1872 1054 1914 Ianum
1092 1873 1279 1915 medium
1316 1874 1497 1916 sedenti-

158 1932 237 1973 'ous
270 1947 400 1986 quam
432 1932 485 1973 ab
518 1932 618 1973 ullis
650 1931 922 1987 philosophis
949 1932 1039 1973 ulla
1064 1932 1109 1973 in
1135 1932 1282 1974 schola
1307 1933 1496 1988 disputa-

158 1998 236 2032 tur.
298 1989 407 2032 Sunt
438 1993 584 2032 tamen
616 2005 665 2033 ea
697 1991 1009 2046 cognoscenda;
1049 1991 1265 2045 pertinent
1298 1992 1410 2033 enim
1443 1992 1496 2034 ad

159 2049 409 2103 utilitatem,
442 2050 492 2091 de
525 2065 608 2104 qua
638 2050 719 2091 hoc
751 2050 862 2091 libro
896 2050 1162 2105 disputatum
1195 2053 1271 2092 est.
1544 2091 1560 2098 ,

244 2107 326 2150 Sed
356 2109 596 2150 utilitatum
625 2109 903 2164 comparatio,
937 2109 1138 2163 quoniam
1163 2108 1233 2151 hic
1258 2109 1377 2152 locus
1403 2112 1496 2152 erat
1510 2089 1566 2173 283

104 2176 136 2203 ³5
157 2170 352 2222 quartus,
391 2183 416 2209 a
452 2167 659 2210 Panaetio
697 2167 1043 2222 praetermissus,
1088 2182 1214 2223 saepe
1253 2171 1318 2209 est
1355 2183 1495 2210 neces-

156 2225 281 2268 saria.
341 2225 454 2268 Nam
493 2229 536 2268 et
572 2226 764 2281 corporis
803 2226 1027 2268 commoda
1068 2241 1164 2268 cum
1208 2227 1395 2268 externis
1434 2229 1496 2280 [et

155 2286 329 2326 externa
372 2300 467 2327 cum
511 2285 720 2340 corporis]
766 2289 808 2326 et
851 2286 945 2341 ipsa
988 2285 1100 2327 inter
1141 2300 1186 2327 se
1224 2286 1414 2341 corporis
1452 2288 1496 2328 et
