1663 2490
134 555 156 633 μιν-ι

181 61 209 100 2
702 60 766 94 DE
792 59 990 95 orricns

179 163 354 199 veniendi
383 164 462 199 veri
493 164 690 210 prudentia
719 164 882 200 breviter
912 167 1006 210 (cap.
1029 167 1082 210 6),
1115 167 1194 200 tum
1226 165 1271 201 de
1301 166 1449 201 iustitia
1479 170 1519 202 et

180 211 438 253 beneficentia,
472 223 564 256 quae
597 224 679 247 cum
710 223 753 246 ea
778 212 975 246 coniuncta
1000 212 1066 255 sit,
1093 213 1248 258 exponit
1274 214 1366 258 (cap.
1390 217 1516 249 7—18

180 262 199 301 ξ
224 260 389 302 20-60),
416 258 549 293 deinde
577 259 621 294 de
649 258 869 293 fortitudine
898 260 991 303 (cap.
1014 264 1150 295 18-26
1176 264 1195 302 5
1217 264 1386 301 (zi-92),
1414 260 1516 295 deni-

181 316 252 349 que
284 305 329 340 de
359 306 607 350 temperantia
637 307 674 340 et
705 306 856 348 decoro,
883 305 981 348 quod
1013 317 1095 340 cum
1127 317 1171 341 ea
1204 306 1441 341 coniunctum
1469 307 1520 341 sit

182 354 276 396 (cap.
297 355 462 396 27—42).
512 352 703 387 Postremo
736 352 974 386 honestorum
1005 352 1103 387 inter
1135 363 1174 387 56
1201 353 1518 398 comparationem

181 398 345 434 instituit
370 400 464 444 (cap.
485 400 651 443 43—45).

271 575 538 630 Quamquam
569 578 630 630 te,
666 575 808 618 Marce
839 576 919 630 fili,
957 590 1116 617 annum
1156 576 1242 618 iam
1275 577 1519 619 audientem

183 634 455 689 Cratippum,
498 634 624 689 idque
665 635 867 688 Athenis,
913 635 1129 676 abundare
1180 638 1350 690 oportet
1400 651 1519 690 prae-

183 694 317 748 ceptis
357 693 651 747 institutisque
689 693 988 748 philosophiae
1019 695 1196 748 propter
1227 708 1439 736 summam
1477 697 1519 736 et

184 752 370 794 doctoris
398 752 699 793 auctoritatem
731 754 773 792 et
798 752 935 806 urbis,
962 766 1142 805 quorum
1174 752 1284 794 alter
1314 755 1357 793 te
1389 753 1519 795 scien-

183 811 245 851 tia
277 824 432 864 augere
458 813 618 865 potest,
651 811 788 851 altera
815 811 1038 865 exemplis,
1070 813 1232 863 tamen,
1263 813 1311 851 ut
1340 811 1433 865 ipse
1465 812 1519 853 ad
1556 823 1570 849 5

184 883 323 911 meam
349 869 584 910 utilitatem
617 883 783 924 semper
812 884 908 911 cum
933 868 1107 911 Graecis
1133 869 1289 911 Latina
1321 870 1519 912 coniunxi

182 943 319 982 neque
351 928 394 968 id
424 928 469 969 in
499 928 776 982 philosophia
809 928 968 981 solum,
1006 928 1079 969 sed
1111 928 1241 968 etiam
1278 928 1323 969 in
1354 928 1519 971 dicendi

184 986 486 1028 exercitatione
519 986 618 1040 feci,
649 987 761 1028 idem
794 987 873 1027 tibi
900 1001 1050 1028 censeo
1076 986 1335 1041 faciendum,
1367 990 1415 1028 ut
1440 1002 1519 1042 par

185 1046 243 1087 sis
287 1045 332 1086 111
375 1046 598 1099 utriusque
638 1046 845 1086 orationis
881 1045 1100 1087 facultate.
1168 1044 1306 1093 Quam
1347 1045 1517 1100 quidem

184 1104 237 1145 ad
268 1119 358 1145 rem
390 1118 486 1157 1105,
517 1108 565 1145 ut
591 1104 794 1157 videmur,
820 1118 1024 1159 magnum
1051 1104 1275 1145 attulimus
1302 1104 1517 1146 adiumen-
1539 1117 1571 1141 10

184 1166 276 1204 tum
302 1163 547 1204 hominibus
572 1163 752 1216 nostris,
779 1165 825 1203 ut
851 1178 936 1204 11011
967 1162 1092 1203 1110ᾶο
1115 1161 1373 1204 Graecarum
1406 1163 1518 1204 litte-

183 1236 327 1263 rarum
358 1221 501 1275 rudes,
533 1222 606 1263 sed
637 1222 768 1263 etiam
800 1221 914 1263 docti
945 1221 1214 1275 aliquantum
1239 1236 1284 1262 se
1311 1222 1518 1263 arbitren-

182 1283 252 1321 tur
284 1280 462 1335 adeptos
495 1282 538 1321 et
570 1280 622 1321 ad
654 1280 875 1321 dicendum
908 1283 950 1321 et
976 1280 1029 1321 ad
1053 1280 1336 1321 iudicandum.
1381 1279 1518 1328 Quam

183 1339 238 1381 ob
269 1353 360 1380 rem
392 1339 527 1380 disces
560 1341 607 1380 tu
633 1339 802 1392 quidem
828 1353 852 1379 a
878 1339 1067 1393 principe
1093 1339 1218 1380 huius
1246 1339 1400 1380 aetatis
1426 1339 1517 1393 phi-

183 1398 480 1453 losophorum,
506 1400 548 1439 et
574 1397 725 1451 disces,
753 1412 880 1451 quam
907 1397 977 1438 diu
1003 1397 1140 1450 voles3
1164 1400 1254 1438 tam
1276 1397 1347 1438 diu
1373 1401 1516 1439 autem
1539 1409 1570 1433 1⁵

182 1457 293 1498 velle
326 1456 517 1506 debebis,
550 1456 689 1510 quoad
721 1459 780 1509 te,
814 1458 1021 1510 quantum
1052 1455 1272 1510 proficias,
1303 1470 1390 1498 non
1419 1471 1516 1511 pae-

181 1515 356 1568 nitebit,
395 1515 467 1556 sed
504 1518 648 1556 tamen
686 1517 836 1557 nostra
873 1515 1019 1570 legens
1050 1529 1136 1556 non
1168 1515 1352 1556 multum
1384 1529 1409 1556 a
1442 1514 1517 1556 Pe-

182 1574 419 1629 ripateticis
464 1573 731 1626 dissidentia,
775 1573 976 1628 quoniam
1017 1573 1187 1627 utrique
1225 1572 1431 1615 Socratici
1475 1576 1518 1614 et

181 1633 395 1675 Platonici
425 1633 622 1674 volumus
661 1647 769 1685 6556,
808 1632 857 1673 (16
895 1632 1021 1673 rebus
1059 1632 1164 1687 ipsis
1194 1634 1313 1673 utere
1345 1634 1419 1673 tuo
1457 1632 1516 1674 iu-

183 1692 291 1733 dicio
324 1689 451 1746 (nihil
484 1691 597 1733 enim
628 1690 844 1746 impedio),
876 1690 1114 1732 orationem
1146 1693 1289 1732 autem
1314 1690 1514 1732 Latinam
1537 1703 1570 1728 20

182 1750 340 1792 efficies
370 1749 563 1805 profecto
596 1750 787 1805 legendis
818 1749 978 1790 nostris
1004 1749 1251 1804 pleniorem.
1300 1748 1391 1791 Nec
1416 1764 1516 1791 vero

182 1809 261 1851 hoc
294 1812 547 1864 arroganter
578 1809 736 1850 dictum
769 1808 1005 1849 existimari
1035 1808 1174 1848 velim.
1236 1806 1348 1848 Nam
1379 1807 1518 1862 philo-

183 1845 420 1923 sophandiD
425 1868 647 1909 scientiam
678 1867 908 1909 concedens
940 1866 1104 1920 multis,
1136 1866 1248 1920 quod
1280 1869 1346 1908 est
1377 1869 1517 1908 orato-

182 1927 240 1968 ris
272 1926 512 1981 proprium,
545 1929 661 1981 apte,
693 1925 912 1979 distincte,
944 1927 1093 1966 ornate
1126 1925 1281 1978 dicere,
1314 1925 1516 1979 quoniam

182 1986 227 2026 in
264 1999 312 2026 eo
354 1985 495 2026 studio
535 1987 721 2026 aetatem
759 1984 1020 2038 consumpsi,
1053 1983 1088 2024 si
1118 1983 1162 2024 id
1192 1959 1299 2024 milii
1331 1998 1516 2038 assumo,
1535 1994 1569 2020 25

182 2043 328 2085 videor
365 2043 409 2084 id
446 2058 539 2085 meo
578 2044 668 2084 iure
706 2042 889 2097 quodam
926 2042 1066 2084 modo
1091 2041 1317 2084 vindicare.
1379 2041 1517 2091 Quam

183 2103 238 2144 ob
271 2116 360 2143 rem
400 2117 658 2157 magnopere
695 2104 738 2143 te
774 2101 937 2154 hortor,
968 2101 1026 2142 mi
1059 2099 1226 2155 Cicero,
1256 2103 1305 2142 ut
1335 2115 1422 2142 non
1454 2115 1518 2142 5ο-

182 2162 271 2203 lum
310 2161 524 2202 orationes
569 2175 703 2215 meas,
749 2160 822 2201 sed
864 2160 942 2201 hos
986 2159 1116 2200 etiam
1155 2159 1204 2200 de
1242 2159 1518 2214 philosophia

183 2220 330 2274 libros,
363 2219 434 2273 qui
465 2219 552 2260 iam
583 2219 672 2260 illis
693 2194 786 2260 'fere
813 2232 857 2260 se
884 2220 1136 2272 aequarunt,
1164 2218 1352 2259 studiose
1377 2218 1518 2274 legas3

183 2279 248 2320 vis
280 2277 394 2319 enim
426 2278 562 2319 maior
593 2278 638 2319 in
674 2278 761 2318 illis
800 2277 980 2329 dicendi,
1025 2276 1098 2317 sed
1134 2276 1215 2318 hoc
1253 2291 1420 2331 quoque
1453 2291 1516 2318 co·
1538 2287 1570 2311 30
1602 2288 1606 2335 s
1662 2304 1663 2330 3
