1663 2490
394 0 483 37 LIB.
511 0 538 34 I.
590 0 690 35 CAP.
717 4 869 35 24—26.
920 3 939 42 ξ
965 4 1048 35 84-
1060 3 1115 35 90.

82 109 334 162 censebunt3
358 108 466 149 nihil
493 108 605 149 enim
632 107 904 161 laudabilius,
929 106 1037 148 nihil
1065 121 1222 162 magno
1243 110 1286 148 et
1306 122 1424 162 prae-

82 168 199 210 claro
230 167 323 209 viro
356 166 526 222 dignius
564 166 862 222 placabilitate
899 168 1028 220 atque
1073 166 1312 207 clementia.
1375 165 1426 206 In

50 270 52 272 ,
82 226 230 268 liberis
262 240 362 267 vero
388 226 558 281 populis
590 228 633 266 et
657 225 701 266 in
726 225 831 266 iuris
858 224 1165 279 aequabilitate
1193 225 1425 266 exercenda

37 321 43 326 .
82 285 213 327 etiam
245 288 312 326 est
342 283 529 326 facilitas
562 287 605 326 et
637 284 821 326 altitudo
848 283 992 337 animi,
1024 297 1132 338 quae
1162 283 1328 336 dicitur,
1359 297 1426 337 ne,

46 344 119 385 ⁵si
161 344 398 385 irascamur
442 346 517 384 aut
559 342 860 398 intempestive
904 341 1203 384 accedentibus
1248 345 1322 383 aut
1365 341 1425 382 in-

81 402 290 458 pudenter
321 402 589 458 rogantibus,
621 402 666 442 in
695 401 992 443 morositatem
1018 400 1215 442 inutilem
1242 405 1285 442 et
1311 400 1425 442 odio-

82 476 175 503 sam
206 461 456 503 incidamus.
517 460 576 501 Et
608 463 751 502 tamen
783 460 846 501 ita
880 459 1103 515 probanda
1134 462 1200 501 est
1232 459 1423 501 mansue-

81 517 184 562 ffido
213 523 340 574 atque
366 519 606 572 clementia,
631 522 680 560 ut
705 519 961 560 adhibeatur
986 519 1046 560 rei
1073 518 1270 574 publicae
1297 532 1425 560 causa
1475 522 1480 530 '

82 579 309 633 severitas,
352 578 443 620 sine
488 592 572 632 qua
616 578 909 619 administrari
953 577 1105 619 civitas
1143 592 1229 619 non
1267 580 1425 632 potest.

31 650 63 675 ιο
83 637 232 680 Omnis
259 639 404 679 autem
431 640 473 678 et
499 637 813 678 animadversio
842 639 884 677 et
911 636 1141 692 castigatio
1166 636 1427 678 contumelia

82 711 233 738 vacare
266 696 393 738 debet
422 710 559 750 neque
593 696 646 737 ad
678 696 787 750 eius,
819 696 892 750 qui
924 697 1100 752 punitur
1132 696 1319 750 aliquem
1352 697 1427 736 aut

82 755 225 797 verbis
258 755 458 811 castigat,
490 755 563 796 sed
595 755 648 797 ad
680 754 741 796 rei
772 754 970 809 publicae
996 754 1232 796 utilitatem
1265 754 1425 795 referri.

83 813 330 857 Cavendum
363 817 428 856 est
460 814 602 867 etiam,
634 828 685 855 ne
718 813 854 855 maior
887 828 1024 868 poena
1051 828 1178 868 quam
1205 813 1331 869 culpa
1358 813 1425 866 sit,
1452 822 1495 853 89

40 890 68 926 ,K
84 876 128 915 et
157 887 210 914 ne
242 873 378 914 isdem
411 873 462 914 de
493 873 633 914 causis
669 872 744 914 alii
780 872 1043 927 plectantur,
1082 872 1156 913 alii
1195 887 1246 913 ne
1285 872 1426 927 appel-

33 943 65 969 15
85 932 228 974 lentur
260 932 441 986 quidem.
491 930 764 973 Prohibenda
796 933 939 972 autem
975 930 1158 972 maxime
1190 934 1256 972 est
1289 931 1352 972 ira
1384 933 1429 972 in

82 990 314 1046 puniendo;
334 1005 568 1044 numquam
590 990 714 1042 enim,
736 990 871 1031 iratus
893 989 965 1043 qui
981 989 1151 1031 accedet
1166 989 1218 1031 ad
1233 1004 1428 1045 poenam,

83 1049 424 1092 mediocritatem
454 1050 577 1090 illam
602 1049 778 1101 tenebit,
812 1063 920 1102 quae
948 1052 1013 1089 est
1038 1048 1150 1089 inter
1176 1048 1356 1090 nimium
1385 1051 1429 1090 et

82 1123 247 1164 parum,
273 1123 382 1163 quae
408 1108 551 1163 placet
571 1107 882 1163 Peripateticis,
911 1110 953 1149 et
980 1110 1093 1149 recte
1119 1108 1274 1162 placet,
1301 1107 1427 1149 modo

82 1182 134 1209 ne
168 1168 394 1209 laudarent
424 1167 688 1209 iracundiam
722 1170 764 1208 et
796 1166 984 1208 dicerent
1019 1166 1185 1208 utiliter
1217 1181 1242 1208 a
1272 1169 1429 1208 natura

29 1238 64 1264 20
84 1227 241 1268 datam.
304 1226 387 1268 Illa
424 1241 525 1268 vero
564 1226 761 1268 omnibus
800 1225 845 1266 in
881 1225 1008 1266 rebus
1054 1225 1319 1280 repudianda
1363 1228 1430 1267 est

84 1285 416 1341 optandumque,
448 1289 497 1326 ut
527 1285 569 1339 ii,
602 1285 674 1340 qui
706 1287 912 1340 praesunt
944 1285 1005 1325 rei
1036 1284 1247 1340 publicae,
1282 1285 1428 1340 legum

85 1345 246 1386 similes
280 1345 385 1398 sint,
423 1359 531 1399 quae
570 1344 622 1386 ad
660 1344 920 1399 puniendum
958 1358 1043 1385 non
1078 1343 1317 1397 iracundia,
1356 1343 1429 1385 sed

85 1404 302 1458 aequitate
335 1404 557 1446 ducuntur.

174 1463 317 1517 Atque
349 1463 479 1504 etiam
511 1463 556 1504 in
588 1462 715 1504 rebus
746 1462 964 1517 prosperis
997 1464 1040 1502 et
1076 1461 1128 1503 ad
1159 1462 1427 1503 voluntatem
1444 1445 1499 1529 ἓξ

31 1483 278 1568 niuosa-am
319 1521 551 1563 fluentibus
595 1521 841 1576 superbiam
885 1534 1163 1576 magnopere,
1205 1520 1428 1562 fastidium

85 1580 466 1637 arrogantiamque
497 1580 727 1636 fugiamus.
788 1579 902 1621 Nam
933 1583 982 1621 ut
1014 1580 1214 1621 adversas
1247 1594 1336 1634 res,
1369 1580 1428 1622 sic

85 1640 292 1682 secundas
329 1639 596 1682 inmoderate
634 1639 743 1681 ferre
775 1638 967 1680 levitatis
1003 1641 1086 1693 est,
1123 1639 1429 1694 praeclaraque

84 1702 151 1741 est
182 1699 470 1754 aequabilitas
509 1699 553 1740 in
592 1698 708 1741 omni
739 1698 830 1739 vita
861 1700 904 1739 et
938 1697 1051 1739 idem
1083 1712 1252 1753 semper
1283 1698 1429 1740 vultus

85 1757 317 1812 eademque
346 1757 486 1811 fronS,
525 1760 574 1798 ut
612 1757 662 1799 de
694 1756 870 1799 Socrate
901 1757 1090 1811 itemque
1122 1756 1172 1798 de
1204 1755 1249 1799 C.
1281 1757 1429 1799 Laelio

32 1827 66 1853 ³0
85 1817 338 1872 accepimus.
412 1816 662 1872 Philippum
707 1816 895 1870 quidem,
945 1815 1225 1858 Macedonum
1269 1830 1430 1872 regem,

85 1876 212 1918 rebus
245 1876 379 1931 gestis
412 1879 454 1917 et
487 1876 628 1931 gloria
659 1878 908 1930 superatum
941 1890 966 1916 a
996 1875 1105 1929 filio,
1142 1875 1353 1917 facilitate
1386 1878 1430 1916 et

84 1935 354 1977 humanitate
380 1935 503 1976 video
531 1934 795 1990 superiorem
820 1933 971 1988 fuisse,
1002 1933 1147 1988 itaque
1180 1934 1290 1976 alter
1323 1948 1429 1976 sem-

85 2008 160 2049 per
191 2008 391 2050 magnus,
431 1994 542 2035 alter
579 2008 706 2049 saepe
743 1992 1037 2048 turpissimus3
1073 1996 1122 2034 ut
1162 1996 1277 2035 recte
1308 2008 1428 2048 prae-

85 2053 224 2107 cipere
258 2053 502 2107 videantur,
541 2053 613 2107 qui
651 2055 844 2105 monent,
882 2054 947 2106 ut,
986 2055 1147 2107 quanto
1186 2053 1427 2107 superiores

34 2122 66 2148 ³5
87 2112 232 2165 simus,
263 2114 386 2154 tanto
415 2126 494 2154 nos
522 2125 722 2168 geramus
750 2111 1031 2153 summissius.
1079 2111 1310 2153 Panaetius
1341 2112 1430 2166 qui-

86 2171 182 2212 dem
214 2170 488 2227 Africanum,
520 2170 760 2212 auditorem
793 2174 835 2211 et
864 2170 1124 2212 familiarem
1157 2185 1299 2225 suum,
1333 2171 1429 2212 soli-

86 2232 178 2271 tum
205 2230 266 2271 ait
292 2230 441 2288 dicere,
468 2229 537 2271 ‘ut
564 2244 718 2285 equos
744 2233 958 2285 propter
990 2230 1197 2271 crebras
1224 2233 1428 2272 conten-
