1663 2490
440 114 528 151 Llss.
556 116 583 150 1.
629 114 727 151 CAP.
757 120 810 160 17,
840 120 892 150 18.
937 120 956 157 ξ
982 119 1130 150 53—60.
1392 115 1445 156 21

112 238 222 278 quae
261 237 357 265 cum
394 236 439 263 re
476 222 650 277 publica
687 226 753 264 est
789 222 862 264 uni
899 222 1049 277 cuique
1081 226 1289 263 nostrum.
1350 221 1449 265 Cari

113 285 213 324 sunt
244 283 461 337 parentes,
501 281 588 323 cari
626 281 769 336 liberi,
805 281 1053 336 propinqui,
1085 280 1338 335 familiares,
1376 282 1448 322 sed

112 354 259 382 omnes
292 340 483 382 omnium
514 339 717 382 caritates
744 340 886 395 patria
916 355 1001 382 una
1026 341 1247 395 complexa
1273 342 1350 393 est,
1371 354 1448 395 pro

112 414 196 454 qua
237 399 332 452 quis
372 399 510 440 bonus
549 398 716 440 dubitet
754 402 936 440 mortem
978 402 1197 453 oppetere,
1242 398 1279 440 si
1317 398 1352 440 ei
1393 399 1449 440 sit

77 468 92 493 ⁵
114 457 395 513 profuturus?
446 456 538 505 Quo
566 460 632 499 est
663 457 959 499 detestabilior
991 458 1172 499 istorum
1204 457 1449 510 inmanitas,

114 516 186 571 qui
218 517 463 558 lacerarunt
494 516 611 557 omni
643 517 800 558 scelere
832 516 1018 570 patriam
1045 519 1088 558 et
1112 516 1156 557 in
1183 531 1232 557 ea
1256 516 1448 558 funditus

114 575 291 617 delenda
324 575 519 630 occupati
551 578 595 616 et
626 577 726 616 sunt
757 579 800 616 et
830 576 1014 617 fuerunt.
1064 573 1144 616 Sed
1171 575 1208 616 si
1231 575 1446 617 contentio
1476 585 1519 617 58

114 634 321 688 quaedam
348 636 392 675 et
416 634 680 689 comparatio
707 633 796 687 fiat,
822 634 976 688 quibus
1002 634 1234 689 plurimum
1260 634 1448 676 tribuen-

116 693 216 734 dum
248 693 306 734 sit
338 691 485 747 officii,
517 692 730 747 principes
758 694 845 734 sint
870 693 1012 747 patria
1038 696 1081 734 et
1105 696 1322 748 parentes,
1349 707 1447 747 quo-

62 763 94 788 10
114 767 209 793 rum
241 751 458 793 beneficiis
491 751 689 793 maximis
717 751 900 807 obligati
926 766 1089 804 sumuS,
1115 752 1299 806 proximi
1325 751 1450 794 liberi

112 813 291 866 totaque
318 811 490 864 domus,
517 824 624 864 quae
652 813 819 866 spectat
849 811 893 852 in
918 825 996 852 nos
1029 811 1144 852 solos
1170 825 1306 865 neque
1333 811 1449 852 aliud

112 870 248 911 ullum
288 872 434 924 potest
470 869 628 910 habere
666 869 930 925 perfugium,
973 869 1170 924 deinceps
1209 870 1316 911 bene
1353 884 1448 911 con-

113 929 331 970 venientes
363 928 611 982 propinqui,
645 927 896 981 quibuscum
929 928 1165 969 communis
1198 928 1327 970 etiam
1365 929 1449 970 for-

113 990 219 1029 tuna
251 987 502 1042 plerumque
540 989 616 1028 est.
678 985 814 1034 Quam
853 987 907 1028 ob
940 1001 1029 1028 rem
1060 987 1301 1028 necessaria
1330 1002 1450 1042 prae-

62 1057 94 1082 15
116 1046 225 1087 sidia
256 1046 370 1087 vitae
403 1045 612 1086 debentur
643 1045 694 1086 iis
727 1045 929 1099 maxime,
961 1060 1067 1100 quos
1100 1048 1198 1087 ante
1231 1046 1330 1099 dixi,
1361 1046 1451 1088 vita

115 1108 259 1147 autem
284 1104 509 1159 victusque
536 1104 792 1157 communis,
818 1104 1015 1155 consilia,
1042 1118 1277 1157 sermones,
1303 1105 1450 1147 cohor·

113 1164 321 1216 tationes,
353 1163 687 1217 consolationes,
718 1163 932 1204 interdum
964 1164 1095 1204 etiam
1128 1163 1450 1219 obiurgationes

111 1223 156 1264 in
196 1222 397 1264 amicitiis
438 1222 587 1277 vigent
617 1222 818 1276 maxime,
861 1225 1010 1276 estque
1054 1237 1104 1264 ea
1146 1222 1451 1264 iucundissima

112 1281 319 1335 amicitia,
353 1296 481 1336 quam
513 1281 749 1323 similitudo
783 1295 949 1323 morum
982 1281 1240 1336 coniugavit.

58 1352 91 1376 20
200 1339 282 1382 sed
319 1340 359 1381 in
400 1340 467 1381 his
513 1340 711 1381 omnibus
750 1340 902 1382 officiis
946 1340 1183 1382 tribuendis
1221 1340 1449 1383 videndum
1468 1327 1518 1410 1589

112 1399 213 1453 erit,
245 1399 346 1453 quid
373 1399 522 1453 cuique
547 1398 731 1440 maxime
756 1413 927 1441 necesse
958 1399 1032 1452 sit,
1064 1401 1107 1441 et
1139 1399 1240 1454 quid
1272 1399 1449 1454 quisque

112 1459 179 1500 vel
219 1458 310 1499 sine
350 1458 476 1499 nobis
517 1461 592 1499 aut
630 1457 770 1512 possit
810 1458 1012 1512 consequi
1053 1460 1128 1500 aut
1170 1473 1256 1500 non
1300 1459 1449 1513 possit.

108 1517 180 1564 'Ita
210 1531 298 1559 non
329 1516 458 1558 iidem
490 1519 614 1558 erunt
646 1516 1006 1559 necessitudinum
1034 1517 1209 1573 gradus,
1242 1518 1314 1572 qui
1345 1520 1450 1559 tem-

108 1580 284 1631 ¹[porum3
321 1578 505 1630 suntque
542 1575 701 1630 officia,
739 1590 847 1630 quae
885 1576 982 1618 aliis
1020 1576 1159 1632 magis
1193 1591 1321 1631 quam
1354 1577 1449 1618 aliis

58 1646 91 1671 25
113 1635 367 1688 debeantur3
410 1638 459 1676 ut
501 1633 687 1676 vicinum
731 1634 856 1676 citius
895 1635 1108 1676 adiuveris
1153 1636 1194 1676 in
1238 1635 1448 1677 fructibus

112 1693 396 1749 percipiendis
429 1708 556 1747 quam
589 1697 663 1735 aut
692 1692 871 1735 fratrem
905 1697 979 1735 aut
1008 1693 1287 1747 familiarem,
1320 1697 1382 1748 at,
1414 1695 1450 1736 si

112 1753 166 1794 lis
197 1753 242 1794 in
267 1752 422 1794 iudicio
451 1752 525 1805 sit,
552 1752 838 1808 propinquum
865 1752 1009 1807 potius
1042 1755 1085 1794 et
1111 1753 1295 1795 amicum
1322 1768 1448 1807 quam

111 1811 298 1854 vicinum
336 1810 586 1852 defenderis.
654 1810 772 1853 Haec
810 1812 944 1867 igitur
982 1814 1025 1852 et
1061 1811 1169 1853 talia
1206 1812 1449 1867 circumspi-

110 1870 259 1913 cienda
290 1872 391 1911 sunt
416 1869 459 1911 in
486 1870 603 1911 omni
628 1870 768 1912 officio
802 1872 864 1923 [et
896 1871 1156 1912 consuetudo
1184 1871 1449 1913 exercitatio-

57 1940 89 1966 30
111 1944 191 1984 que
223 1928 465 1984 capienda],
497 1932 546 1970 ut
577 1929 679 1970 boni
716 1929 1042 1971 ratiocinatores
1081 1929 1318 1972 officiorum
1357 1944 1449 1971 esse

110 1988 323 2044 possimus
361 1990 404 2029 et
442 1987 633 2030 addendo
666 1988 993 2042 deducendoque
1024 1988 1182 2043 videre,
1216 2004 1322 2043 quae
1353 1989 1449 2030 reli-

111 2047 184 2101 qui
221 2061 389 2089 summa
426 2046 525 2100 fiat,
569 2061 619 2088 ex
658 2061 759 2101 quo,
798 2050 1005 2101 quantum
1043 2047 1193 2102 cuique
1233 2048 1449 2101 debeatur,

110 2106 352 2162 intellegas.
414 2103 496 2146 Sed
539 2108 588 2147 ut
631 2120 707 2147 nec
744 2106 897 2148 medici
934 2120 1011 2148 nec
1051 2106 1335 2161 imperatores
1372 2121 1448 2149 nec
1476 2117 1514 2150 δῦ

111 2168 321 2218 oratores,
359 2164 555 2218 quamvis
599 2165 706 2206 artis
744 2167 973 2220 praecepta
1010 2166 1296 2220 perceperint,
1337 2166 1449 2220 quic—

59 2236 90 2261 ss
111 2238 238 2278 quam
270 2237 430 2279 magna
461 2223 586 2265 laude
620 2223 797 2279 dignum
836 2224 926 2265 sine
957 2238 1038 2266 usu
1069 2227 1112 2265 et
1144 2225 1447 2267 exercitatione

108 2283 309 2337 consequi
333 2285 532 2337 possunt,
559 2282 619 2324 sic
645 2282 775 2325 officii
801 2282 1081 2324 conservandi
1107 2287 1338 2339 praecepta
1363 2287 1448 2325 tra-

109 2341 265 2383 duntur
296 2341 374 2382 illa
406 2341 594 2395 quidem,
631 2344 680 2382 ut
714 2341 895 2383 facimus
936 2341 1038 2397 ipsi,
1078 2342 1149 2383 sed
1184 2343 1245 2384 rei
1283 2343 1448 2398 magni-
