1663 2490
586 87 688 124 CAP.
717 92 748 132 1,
773 91 806 123 2.
841 91 860 130 ξ
888 92 988 123 1—6.
1372 88 1454 129 133

114 194 317 236 admirari
343 194 558 236 videmini.
603 194 767 243 Quibus
793 195 906 236 enim
932 194 1041 236 m’hil
1068 197 1134 236 est
1158 195 1203 236 in
1227 195 1333 250 ipsis
1360 197 1454 260 opis

114 253 168 295 ad
198 253 306 294 bene
338 253 547 308 beateque
584 253 832 308 vivenchm,
876 253 936 295 eis
975 253 1113 295 omnis
1152 256 1270 295 aetas
1310 255 1455 309 gravis

114 313 197 365 est3
229 311 301 366 qui
335 313 479 352 autem
512 311 657 354 omnia
688 313 803 354 bona
834 327 860 354 a
890 326 936 354 se
966 312 1051 367 ipsi
1078 314 1243 366 petunt,
1268 312 1321 353 iis
1346 312 1456 353 nihil

113 369 275 411 malum
308 372 453 424 potest
485 370 632 425 videri,
665 372 777 425 quoi
808 373 988 412 naturae
1017 371 1250 412 necessitas
1277 370 1454 412 adferat.

78 440 95 466 ⁵
114 427 206 477 Quo
238 429 284 469 in
316 442 470 484 genere
502 434 568 469 est
600 429 644 470 in
675 429 826 484 primis
859 432 1079 482 senectu83
1123 443 1252 484 quam
1291 432 1339 470 ut
1370 429 1455 471 adi-

114 487 336 542 piscantur
386 501 534 528 omnes
587 491 759 543 optant,
815 489 992 530 eandem
1042 492 1245 530 accusant
1294 488 1456 542 adepti3

113 548 238 587 tanta
288 548 354 586 est
403 546 617 587 stultitiae
667 546 958 589 inconstantia
1007 549 1136 601 atque
1182 547 1455 602 perversitas,

114 603 332 658 Obrepere
367 605 487 645 aiunt
521 619 613 646 eam
649 605 788 658 citius,
814 620 942 659 quam
968 609 1206 660 putassent.
1264 605 1456 647 Primum

116 663 211 718 quis
244 663 387 718 coegit
419 678 491 705 eos
523 663 682 705 falsum
713 665 898 719 putare?
949 666 1020 719 qui
1059 664 1171 706 enim
1203 664 1330 706 citius
1360 664 1456 706 adu-

65 734 94 758 ιο
115 721 345 763 lescentiae
366 725 562 764 senectus
577 737 706 777 quam
726 723 938 778 pueritiae
953 723 1243 765 adulescentia
1259 723 1457 778 obrepit?

114 780 280 822 Deinde
312 782 385 835 qui
416 781 557 823 minus
591 782 737 837 gravis
768 785 883 823 esset
915 782 966 823 iis
1007 786 1221 834 senectus,
1259 782 1295 823 si
1327 782 1458 824 octin-

115 839 402 895 gentesimum
447 855 606 881 annum
651 844 830 896 agerent
877 855 1004 894 quam
1050 841 1086 881 si
1118 841 1458 896 octogesimum?

114 899 352 953 praeterita
386 899 500 940 enim
533 906 651 941 aetas
692 898 888 953 quamvis
923 900 1053 953 longa
1090 914 1185 941 cum
1213 900 1460 953 effluxisset,

114 957 235 998 nulla
255 957 494 998 consolatio
521 958 786 1012 permulcere
811 962 960 1012 posset
985 958 1165 999 stultam
1184 961 1457 1000 senectutem.

64 1025 95 1050 ¹⁶
116 1014 324 1064 Quocirca
356 1016 392 1056 si
424 1016 682 1071 sapientiam
720 1030 860 1057 meam
899 1016 1104 1058 admirari
1141 1017 1291 1058 soletis
1331 1016 1459 1071 (quae

115 1074 281 1115 utinam
320 1074 451 1129 digna
483 1078 597 1116 esset
629 1075 829 1129 opinione
860 1078 1006 1116 vestra
1036 1078 1272 1130 nostroque
1304 1090 1458 1130 cogno-

116 1133 227 1174 mine
237 1131 278 1188 ἱ),
299 1133 343 1174 in
362 1133 444 1174 hoc
470 1147 614 1175 sumus
636 1133 865 1188 sapientes,
883 1134 995 1187 quod
1013 1137 1216 1175 naturam
1236 1136 1458 1189 optumam

115 1191 264 1233 ducem
290 1194 513 1246 tamquam
540 1192 665 1233 deum
692 1192 911 1247 sequimur
937 1193 1059 1246 eique
1079 1207 1298 1247 paremus3
1329 1208 1356 1234 a
1375 1208 1459 1247 qna

114 1265 200 1292 non
231 1251 319 1292 veri
353 1251 494 1292 simile
526 1254 609 1304 est,
654 1265 750 1293 cum
787 1254 953 1293 ceterae
984 1254 1130 1306 partes
1164 1251 1319 1293 aetatis
1351 1252 1459 1293 bene

63 1319 95 1343 20
116 1309 347 1364 discriptae
380 1310 486 1363 sint,
525 1313 764 1352 extremum
801 1312 944 1351 actum
982 1312 1205 1364 tamquam
1238 1311 1292 1352 ab
1331 1310 1459 1352 inerti

116 1371 244 1422 poeta
275 1382 368 1410 esse
404 1369 662 1424 neglectum.
723 1367 806 1410 Sed
848 1372 994 1410 tamen
1037 1383 1209 1410 necesse
1246 1369 1329 1410 fuit
1367 1384 1459 1411 esse

116 1427 279 1481 aliquid
311 1429 549 1469 extremum
582 1431 625 1469 et
655 1430 879 1481 tamquam
910 1427 956 1468 in
987 1428 1190 1469 arborum
1224 1428 1342 1470 bacis
1377 1431 1459 1470 ter-

116 1500 273 1539 raeque
303 1485 516 1528 fructibus
549 1486 801 1528 maturitate
839 1487 1100 1541 tempestiva
1138 1487 1261 1541 quasi
1298 1487 1459 1529 vietum

116 1548 160 1586 et
185 1545 402 1598 caducum,
428 1545 542 1599 quod
560 1545 787 1586 ferundum
807 1548 873 1587 est
892 1545 1085 1587 molliter
1111 1546 1308 1600 sapienti.
1350 1545 1460 1595 Quid

63 1616 97 1642 25
116 1606 183 1645 est
215 1603 329 1645 enim
362 1604 478 1645 aliud
510 1603 747 1659 Gigantum
780 1604 906 1645 modo
940 1605 1101 1646 bellare
1140 1620 1236 1646 cum
1275 1605 1340 1646 dis
1376 1605 1459 1647 nisi

115 1665 295 1704 naturae
327 1663 604 1718 repugnare?

203 1721 394 1764 Laeuos.
444 1721 592 1776 Atqui,
619 1722 739 1776 Cato,
765 1722 1061 1776 gratissimum
1088 1722 1226 1776 nobis,
1255 1725 1304 1764 ut
1328 1723 1459 1765 etiam

115 1795 194 1836 pro
227 1778 425 1835 Scipione
456 1781 675 1835 pollicear,
706 1780 871 1834 feceris,
902 1781 958 1834 si,
990 1781 1193 1836 quoniam
1224 1795 1460 1836 speramus,

115 1839 315 1881 volumus
354 1839 525 1893 quidem
563 1842 677 1881 certe
716 1853 838 1880 senes
875 1839 985 1891 fieri,
1029 1840 1167 1881 multo
1212 1842 1310 1881 ante
1354 1855 1380 1881 a
1416 1843 1459 1882 te

64 1911 98 1936 30
117 1898 401 1952 didicerimus,
421 1898 576 1952 quibus
595 1898 802 1940 facillime
822 1899 1063 1939 rationibus
1088 1898 1458 1954 ingravescentem

117 1959 305 1999 aetatem
335 1956 446 1998 ferre
479 1958 705 2012 possimus,

205 2015 319 2058 CATO.
374 2015 549 2058 Faciam
593 2030 712 2069 vero,
756 2015 895 2068 Laeli,
925 2016 1181 2070 praesertim
1213 2016 1249 2057 si
1287 2016 1459 2070 utrique

118 2078 320 2128 vestrum,
351 2077 399 2115 ut
431 2074 549 2128 dicis,
581 2078 754 2130 gratum
785 2074 979 2115 futurum
1011 2078 1087 2115 est.

205 2133 396 2176 Lausus.
445 2132 659 2174 Volumus
691 2147 811 2186 sane,
847 2133 931 2173 nisi
962 2133 1193 2174 molestum
1223 2136 1306 2187 est,
1337 2132 1458 2187 Cato,

66 2203 99 2229 ³5
118 2194 341 2246 tamquam
360 2193 536 2247 longam
556 2192 747 2246 aliquam
766 2192 882 2233 viam
902 2191 1146 2246 confeceris,
1178 2206 1307 2246 quam
1333 2192 1458 2234 nobis

118 2264 287 2305 quoque
317 2250 648 2307 ingrediundum
674 2250 743 2305 sit,
773 2250 898 2305 istuc,
929 2264 1013 2305 quo
1038 2250 1285 2306 pervenisti,
1315 2251 1459 2294 videre

118 2310 245 2365 quale
277 2310 343 2351 sit.
