1663 2490
394 59 483 94 LIB.
509 59 555 94 11.
606 58 706 96 CAP.
733 63 882 95 20—22.
933 64 952 101 ξ
978 64 1126 95 71-76.
1371 59 1425 101 83

90 168 465 224 congregabantur
500 167 713 221 homines,
750 170 896 209 tamen
927 180 1002 222 spe
1034 167 1253 209 custodiae
1284 181 1425 209 rerum

90 241 261 270 suarum
301 226 473 268 urbium
515 226 730 280 praesidia
768 225 1042 280 quaerebant.
1104 225 1258 267 Danda
1295 226 1426 267 etiam
1453 237 1496 270 74

24 306 26 308 v
90 299 219 342 opera
250 287 327 338 est,
357 299 423 338 ne,
455 284 568 339 quod
595 284 707 339 apud
734 285 916 326 maiores
942 286 1115 325 nostros
1141 298 1269 339 saepe
1294 285 1426 326 fiebat

89 346 265 400 propter
303 343 457 385 aerarii
494 343 751 385 tenuitatem
789 342 1169 397 assiduitatemque
1201 343 1426 396 bellorum,

54 403 300 444 ⁵tributum
338 401 395 443 sit
432 401 755 456 conferendum,
798 402 924 456 idque
964 416 1017 442 ne
1056 402 1244 456 eveniat,
1288 402 1425 443 multo

89 463 188 503 ante
232 460 314 502 erit
362 460 682 515 providendum.
753 459 827 502 Sin
872 475 979 515 quae
1022 460 1257 502 necessitas
1300 460 1425 502 huius

89 519 275 561 muneris
297 518 424 560 alicui
446 518 508 560 rei
528 519 726 574 publicae
749 519 972 560 obvenerit
999 517 1133 574 (malo
1158 519 1270 560 enim
1298 534 1426 573 quam

88 581 261 621 nostrae
293 577 495 632 ominari3
525 592 662 632 neque
693 581 837 619 tamen
866 578 915 619 de
941 581 1101 631 nostra,
1135 578 1207 619 sed
1234 578 1283 619 de
1310 579 1426 619 omni

88 652 132 679 re
164 636 337 692 publica
368 636 570 692 disputo),
604 637 743 678 danda
775 637 857 678 erit
886 651 1027 691 opera,
1058 639 1105 678 ut
1132 651 1279 678 omnes
1304 637 1427 678 intel-

37 709 69 734 ιο
88 696 250 751 legant,
281 695 318 737 si
349 695 460 736 salvi
492 709 583 736 esse
611 696 757 748 velint,
788 695 1036 737 necessitati
1062 710 1154 737 esse
1179 696 1426 751 parendum.

88 754 232 809 Atque
264 754 394 796 etiam
427 768 594 809 omnes,
632 754 704 809 qui
741 768 832 795 rem
863 754 1079 809 publicam
1112 755 1426 809 gubernabunt,

87 813 309 855 consulere
342 813 575 866 debebunt,
612 816 660 854 ut
692 827 837 854 earum
869 827 1011 854 rerum
1044 814 1167 868 copia
1205 813 1280 867 sit,
1319 828 1426 868 quae

88 875 189 914 sunt
218 872 497 914 necessariae.
547 870 736 920 Quarum
769 872 907 926 qualis
940 872 1206 926 comparatio
1237 872 1331 913 fieri
1362 886 1426 914 so-

87 931 175 972 leat
207 933 250 972 et
282 930 445 984 debeat,
476 944 563 972 non
594 933 660 971 est
684 944 855 972 necesse
881 930 1118 985 disputare3
1150 933 1216 972 est
1245 931 1427 972 enimin

35 1002 67 1028 15
86 991 308 1045 promptu3
333 991 504 1030 tantum
530 989 649 1030 locus
676 989 952 1044 attingendus
978 988 1071 1030 fuit.
1115 987 1256 1043 Caput
1282 992 1426 1031 autem
1453 1001 1495 1034 75

87 1050 153 1089 est
183 1048 228 1088 in
260 1048 376 1088 omni
413 1048 715 1102 procuratione
751 1047 918 1103 negotii
956 1050 998 1088 et
1029 1048 1217 1088 muneris
1254 1048 1426 1102 publici,

86 1109 134 1148 ut
154 1106 361 1148 avaritiae
380 1106 569 1160 pellatur
590 1106 718 1147 etiam
739 1106 917 1147 minima
933 1106 1130 1161 suspicio.
1163 1105 1426 1161 ‘Utinam'‚

86 1165 225 1220 inquit
252 1164 295 1206 C.
319 1164 499 1206 Pontius
527 1163 708 1218 Samnis,
742 1164 822 1206 ‘ad
847 1164 943 1206 illa
968 1168 1200 1220 tempora
1225 1180 1298 1207 me
1323 1165 1426 1207 for-

87 1228 210 1265 tuna
234 1224 614 1265 reservavisset
641 1226 689 1265 et
714 1227 819 1264 tum
846 1237 1005 1265 essem
1030 1226 1200 1277 natus,
1227 1225 1424 1278 quando

34 1282 302 1324 zoRomani
341 1283 571 1337 accipere
611 1282 739 1324 dona
776 1283 1087 1337 coepissent!
1129 1297 1227 1324 non
1265 1297 1423 1325 essem

86 1355 267 1397 passus
289 1341 484 1383 diutius
505 1355 589 1383 eos
608 1341 890 1396 imperare.⁹
926 1340 992 1383 Ne
1012 1341 1078 1382 illi
1098 1342 1236 1383 multa
1256 1343 1425 1384 saecula

87 1400 373 1455 exspectanda
402 1399 594 1454 fuerunt3
632 1400 758 1442 modo
791 1400 904 1441 enim
935 1400 1016 1442 hoc
1046 1400 1209 1442 malum
1240 1400 1285 1442 in
1316 1401 1425 1443 hanc

86 1474 177 1501 rem
215 1459 432 1514 publicam
468 1459 638 1500 invasit.
700 1459 853 1514 Itaque'
889 1458 1016 1501 facile
1053 1459 1197 1513 patior
1230 1462 1322 1501 tum
1354 1475 1427 1516 po-

86 1518 173 1559 tius
204 1517 407 1559 Pontium
438 1517 591 1571 fuisse,
622 1517 832 1573 siquidem
862 1517 908 1559 in
938 1518 1014 1559 illo
1047 1521 1217 1559 tantum
1248 1518 1331 1560 fuit
1362 1533 1426 1561 ro-

35 1588 68 1615 25
86 1576 215 1619 boris.
276 1575 478 1618 Nondum
510 1579 681 1618 centum
713 1579 756 1618 et
787 1577 930 1618 decem
963 1577 1063 1618 anni
1096 1579 1216 1631 sunt,
1247 1592 1343 1620 cum
1375 1577 1425 1619 de

85 1635 274 1691 pecuniis
312 1635 560 1690 repetundis
599 1650 624 1677 a
660 1635 706 1676 L.
741 1635 897 1677 Pisone
938 1635 1029 1677 lata
1066 1635 1134 1677 lex
1180 1638 1262 1690 est,
1305 1637 1427 1678 nulla

86 1696 213 1737 antea
243 1709 339 1736 cum
371 1694 535 1735 fuisset.
596 1694 657 1735 At
688 1708 788 1736 vero
827 1696 978 1749 postea
1008 1696 1076 1736 tot
1107 1695 1225 1750 leges
1257 1697 1300 1736 et
1331 1710 1426 1750 pro-

85 1767 236 1795 xumae
269 1767 461 1808 quaeque
494 1752 698 1807 duriores,
729 1755 797 1795 tot
822 1753 895 1802 rei,
926 1756 993 1794 tot
1020 1753 1224 1808 damnati,
1255 1756 1424 1795 tantum

86 1811 319 1865 [Italicum]
340 1812 502 1853 bellum
522 1814 699 1867 propter
716 1812 969 1853 iudiciorum
994 1815 1158 1853 metum
1183 1812 1426 1866 excitatum,

0 1904 2 1925 ‚
38 1882 71 1908 3⁰
87 1873 211 1913 tanta
241 1871 425 1912 sublatis
458 1871 628 1926 legibus
660 1873 703 1912 et
733 1870 899 1912 iudiciis
926 1871 1130 1926 expilatio
1158 1870 1424 1927 direptioque

86 1930 310 1984 sociorum,
340 1932 390 1971 ut
419 1929 703 1971 inbecillitate
735 1930 935 1983 aliorum,
966 1944 1053 1971 non
1083 1932 1234 1971 nostra
1264 1930 1423 1972 virtute

84 1989 314 2031 valeamus.
375 1987 542 2030 Laudat
573 1988 826 2030 Aflicanum
857 1963 1107 2043 Panaetius,
1148 1988 1262 2043 quod
1292 1989 1423 2031 fuerit
1439 1969 1492 2053 2726

86 2047 316 2089 abstinens.
377 2045 534 2096 Quidni
572 2047 746 2089 laudet?
809 2046 891 2088 Sed
926 2047 972 2089 in
1008 2047 1085 2089 1110
1125 2047 1210 2089 alia
1242 2023 1468 2101 maiora37

87 2105 180 2148 laus
218 2105 504 2148 abstinentiae
542 2120 629 2148 non
665 2106 852 2148 hominis
890 2108 956 2147 est
987 2107 1143 2161 solum,
1181 2107 1255 2148 sed
1293 2107 1422 2149 etiam

53 2174 69 2200 ⁵
87 2167 328 2231 temporum
358 2165 546 2206 illorum.
595 2164 723 2207 Omni
747 2165 1028 2207 Macedonum
1057 2179 1176 2221 gaza,
1209 2180 1317 2231 quae
1341 2166 1424 2207 fuit

86 2224 283 2278 maxima,
314 2223 480 2279 potitus
515 2225 615 2290 [est]
648 2223 807 2266 Paulus
839 2226 1010 2266 tantum
1041 2223 1086 2266 in
1118 2225 1330 2266 aera1ium
1355 2241 1424 2280 pe·

85 2282 233 2325 cuniae
263 2282 437 2337 invexit,
467 2285 516 2324 ut
540 2283 665 2324 unius
691 2283 950 2338 inperatoris
975 2282 1134 2338 praeda
1158 2283 1287 2325 finem
1314 2287 1424 2325 attu

1163 2351 1211 2382 6⁵&

0 2196 13 2223 33
