1673 2505
232 89 314 130 308
745 86 1044 121 FRAGMENTA

319 195 357 238 5.
387 195 497 238 Serv.
524 195 635 248 Vero.
654 195 756 236 Aen.
782 194 814 235 Ι
836 198 918 235 ’703
943 193 1112 235 ‘Ordine
1142 193 1284 247 lonyo',
1315 195 1343 236 i.
1373 208 1403 235 e.
1436 195 1565 247 dispo-

229 256 372 296 sitione
395 255 611 296 secundum
638 253 832 306 Tullium,
862 254 931 304 qui
961 253 1007 293 in
1034 252 1300 294 Oeconomicis
1331 253 1438 306 dicit,
1468 254 1567 306 quid

229 314 298 355 ubi
327 314 561 366 ponendum
597 313 671 360 sit;
711 325 781 352 nec
817 313 925 352 enim
961 311 1099 353 debent
1131 312 1324 353 universa
1360 311 1564 363 confundi.

319 373 356 413 6.
390 370 468 414 Cic.
499 372 546 412 de
575 384 655 412 sen.
687 374 752 411 17.
783 372 836 411 59
867 369 997 421 (Xen.
1028 369 1113 411 Oec.
1137 373 1176 410 4.
1201 370 1393 423 20—25)
1423 369 1564 412 Socra-

230 435 284 472 tes
316 432 361 472 in
391 444 433 471 eo
466 430 565 470 libro
598 430 776 482 loquitur
806 442 896 469 cum
927 428 1140 478 Critobulo,
1175 428 1328 482 Cyrum
1358 429 1564 482 minorem,
1601 442 1618 468 5

230 490 451 531 Persarum
477 502 617 541 regem,
635 490 910 540 praestantem
929 488 1088 540 inyenio
1107 490 1225 539 atque
1243 488 1405 540 imperii
1419 488 1565 541 yloria‚

228 562 319 590 cum
344 547 556 600 Lysander
580 546 933 599 Lacedaemonius,
956 547 1019 586 vir
1042 559 1223 587 summae
1240 547 1414 599 virtutis,
1438 547 1565 588 venis-

228 611 287 648 set
310 607 366 647 ad
389 619 477 646 eum
504 604 650 647 Sardis
674 606 785 657 eique
808 605 915 645 dona
939 618 965 645 a
990 605 1108 646 sociis
1133 604 1342 659 attulisset,
1370 608 1407 645 et
1430 606 1566 646 ceteris

228 667 274 706 in
304 665 420 706 rebus
451 678 598 705 comem
628 677 722 716 crya
747 663 1009 716 Lysandrum
1040 666 1156 716 atque
1185 663 1411 704 humanum
1439 663 1566 714 fuisse

228 728 266 765 et
309 724 345 765 ei
387 724 587 775 quendam
629 726 882 774 consaeptum
925 735 1070 774 ayrum
1118 722 1327 775 diliyenter
1369 723 1565 764 consitum
1586 736 1618 760 10
1666 732 1667 739 ¹

229 783 444 824 ostendisse
451 796 464 831 ;
499 795 590 823 cum
620 784 752 822 autem
784 781 1059 822 admiraretur
1089 780 1302 833 Lysander
1332 784 1368 822 et
1389 782 1565 834 proceri·
1666 776 1667 780 ¹

229 845 329 883 tates
353 841 545 882 arborum
570 844 607 881 et
631 841 800 881 derectos
824 841 869 880 in
887 840 1148 892 quincuncem
1167 840 1326 881 ordines
1344 843 1381 880 et
1397 839 1566 881 humum

227 901 437 942 subactam
473 902 591 952 atque
618 913 774 952 puram
810 901 847 939 et
881 899 1121 940 suavitatem
1165 899 1347 951 odorum,
1390 899 1461 951 qui
1497 899 1565 940 ad·

227 960 429 1011 flarentur
464 972 512 999 ex
548 958 731 1011 floribus,
775 961 860 998 tum
902 971 991 998 eum
1035 958 1185 998 dixisse
1223 958 1372 998 mirari
1408 971 1448 999 se
1483 971 1566 998 non

228 1019 344 1060 modo
375 1018 637 1070 (liliyentiam,
668 1017 736 1058 sed
758 1017 880 1057 etiam
904 1016 1124 1057 sollertiam
1149 1016 1245 1066 eius,
1276 1030 1303 1056 a
1332 1029 1409 1068 quo
1439 1020 1567 1058 essent
1586 1027 1618 1054 15

228 1078 303 1118 illa
334 1077 517 1118 dimensa
544 1079 661 1128 atque
685 1076 900 1127 discripta‚·
932 1078 969 1115 et
992 1074 1143 1127 Cyrum
1173 1076 1444 1127 respondisse:
1478 1074 1565 1116 ‘At-

228 1137 299 1188 qui
335 1149 402 1188 eyo
440 1136 520 1176 ista
556 1148 646 1176 sum
686 1135 826 1174 omnia
868 1134 1091 1182 dimensus;
1136 1134 1214 1174 mei
1255 1137 1351 1175 sunt
1393 1134 1564 1187 ordines,

228 1208 317 1235 mea
342 1194 561 1246 discriptio,
589 1193 739 1234 multae
763 1194 885 1233 etiam
909 1193 1083 1233 istarum
1107 1193 1299 1233 arborum
1324 1206 1413 1233 mea
1437 1206 1566 1234 manu

227 1257 324 1295 sunt
352 1252 489 1294 satae?
546 1252 652 1293 Tum
681 1251 944 1304 Lysandrum
975 1252 1192 1292 intuentem
1217 1265 1450 1304 purpuram
1481 1253 1566 1292 eius

227 1316 264 1353 et
305 1313 476 1353 nitorem
519 1311 696 1363 corporis
739 1313 1004 1361 ornatumque
1044 1310 1250 1351 Persicum
1294 1310 1420 1350 multo
1463 1323 1565 1351 auro
1585 1322 1617 1346 ‘20

227 1371 443 1423 multisque
474 1370 643 1422 yemmis
680 1369 850 1409 dixisse:
893 1368 1006 1409 ‘Rite
1043 1382 1132 1409 vero
1165 1372 1216 1422 te,
1254 1367 1369 1421 Cyre,
1408 1368 1564 1410 beatum

224 1430 381 1483 ferunt,
411 1429 606 1481 quoniam
635 1428 778 1468 virtuti
810 1431 900 1468 tuae
927 1427 1097 1478 fortuna
1128 1428 1341 1468 coniuncta
1372 1427 1453 1468 est.³

318 1489 354 1529 7.
385 1487 516 1528 Prisc.
555 1486 676 1528 VIII
695 1489 734 1527 4.
758 1489 811 1527 19
839 1500 879 1538 p.
903 1488 996 1527 385.
1021 1489 1048 1526 4
1074 1486 1131 1526 Η.
1157 1486 1287 1538 (Xen.
1315 1485 1401 1527 Oec.
1427 1489 1463 1527 6.
1490 1485 1565 1540 12)

229 1547 364 1589 Cicero
395 1547 441 1587 in
474 1545 749 1587 Oeconomico:
782 1543 924 1585 Homo
958 1559 1007 1585 ex
1041 1559 1088 1585 eo
1121 1559 1298 1586 numero
1330 1544 1564 1599 hominum,
1656 1579 1657 1593 ,

229 1606 301 1660 qui
327 1604 440 1660 apud
458 1619 536 1645 nos
562 1604 643 1645 hoc
667 1603 838 1644 nomine
865 1603 1107 1658 dignantur,
1133 1600 1373 1654 ἄξιοῦνταί,
1395 1605 1563 1656 passive.
1584 1614 1617 1640 25

318 1665 354 1706 8.
387 1663 538 1705 Donat.
573 1663 661 1704 Ter.
693 1662 770 1704 Ph.
801 1662 860 1703 II
885 1667 922 1703 3.
954 1665 980 1702 4
1012 1662 1141 1714 (Xen.
1175 1666 1212 1704 7.
1241 1666 1284 1713 9)
1318 1661 1417 1704 ‘Pro
1447 1663 1564 1704 deum

227 1722 543 1764 immortalium'
577 1719 821 1771 ’Ἑλλειψιςς
871 1722 975 1762 deest
1017 1720 1175 1773 ‘fidem’
1219 1725 1293 1762 aut
1334 1722 1434 1773 quid
1476 1721 1563 1763 tale.

227 1782 365 1824 Cicero
402 1783 447 1822 in
481 1780 757 1822 Oeconomico:
796 1779 905 1828 Quid
943 1780 1093 1835 igitur,
1130 1794 1208 1834 pro
1247 1780 1371 1821 deum
1408 1780 1563 1821 inmor-

228 1841 400 1882 talium!
432 1840 619 1894 primum
651 1854 745 1880 eam
778 1839 976 1892 docebas,
1008 1839 1195 1892 quaeso?

318 1900 356 1941 9.
401 1898 553 1941 Colum.
597 1898 702 1939 XII
731 1898 864 1950 praef.
907 1902 932 1938 1
976 1897 1105 1950 (Xen.
1144 1902 1181 1938 7.
1220 1898 1298 1952 18)
1341 1898 1564 1952 Xenophon
1583 1909 1615 1934 30
1667 1931 1673 1954 5

228 1958 488 2000 Atheniensis
514 1971 555 1998 eo
583 1957 683 1998 libro
713 1981 776 2010 —‚
800 1958 872 2009 qui
899 1956 1176 1998 Oeconomicus
1200 1957 1446 2010 inscribitur,
1466 1971 1564 2010 pro—

228 2018 333 2059 didit
371 2016 560 2058 maritale
601 2017 833 2068 coniuyium
869 2016 926 2057 sic
962 2019 1240 2069 comparatum
1280 2029 1360 2057 esse
1401 2020 1565 2066 natura,

228 2080 276 2117 ut
303 2090 386 2117 non
416 2076 547 2117 solum
572 2075 878 2125 iucundissima,
909 2088 1045 2115 verum
1071 2076 1192 2115 etiam
1216 2075 1438 2116 utilissima
1461 2076 1566 2116 vitae

229 2136 394 2177 societas
418 2136 593 2175 iniretur
601 2148 613 2183 ,·
640 2147 739 2175 nam
758 2134 942 2186 primum
966 2134 1088 2174 etiam
1114 2132 1249 2175 Cicero
1274 2137 1345 2183 ait,
1370 2147 1419 2175 ne
1439 2147 1565 2187 yenus

229 2194 456 2235 humanum
494 2194 682 2245 temporis
722 2193 1012 2245 lonqinquitate
1048 2193 1250 2245 occideret,
1287 2196 1454 2246 propter
1495 2193 1565 2233 hoc
1583 2202 1614 2246 35
1648 2225 1673 2248 :a

230 2266 385 2293 marem
416 2265 506 2294 cum
534 2252 691 2303 femina
727 2265 808 2293 esse
843 2252 1114 2304 coniunctum,
1152 2251 1292 2293 deinde
1327 2254 1375 2292 ut
1408 2265 1456 2293 ex
1492 2250 1566 2292 liac
1648 2241 1650 2255 ¹

230 2312 367 2354 eadem
397 2311 578 2353 socictate
607 2310 846 2352 mortalibus
872 2311 1079 2352 adiutoria
1103 2311 1311 2352 senectutis
1335 2323 1405 2352 nec
1429 2311 1565 2353 minus
