1673 2505
476 74 772 110 ORATIONUM.
800 75 842 111 A.
868 75 934 109 VH
961 80 1086 110 4—10.
1362 78 1447 119 5243

110 183 263 224 nelium
293 185 500 224 aecusator
529 183 617 224 teeti
640 197 667 224 a
699 183 860 224 tribuno
883 183 1015 236 plebis
1045 183 1190 224 codicis
1212 184 1447 236 pollicetur,·

108 242 211 293 facit
238 240 310 282 lioe
339 240 474 283 Cicero
504 255 805 295 supervacuum,
837 243 936 294 quia
966 243 1049 294 ipse
1076 242 1266 294 fateatur.
1302 267 1350 272 —
1387 243 1447 295 Cf:

112 300 226 352 infra
254 302 324 341 28.

199 358 236 400 6.
270 357 392 399 Grill.
423 362 628 400 comment.
656 373 695 410 p.
729 362 822 400 604.
854 363 880 401 9
911 358 968 400 H.
1000 359 1159 413 Restat,
1197 363 1242 400 ut
1271 364 1448 412 praeter-

77 418 248 458 ⁵mittas
290 417 514 470 exordium,
565 419 672 470 quod
712 418 835 458 etiam
880 418 1041 459 Tullius
1083 419 1129 459 in
1165 419 1303 471 primo
1347 420 1449 461 libro

109 475 438 528 Philippicarum
461 476 576 528 fecit‚·
601 489 700 517 nam
725 477 870 518 omisso
888 477 1096 530 principio
1116 490 1206 518 eum
1223 492 1449 531 praepara-

109 535 215 576 tione
244 536 499 576 narrationis
524 535 667 588 incipit
695 559 758 576 —.
808 535 897 576 Aut
921 539 1021 577 certe
1051 549 1123 577 neo
1151 538 1338 578 narratio
1369 551 1449 579 esse

109 593 226 647 debet,
255 594 324 635 sed
352 597 425 634 aut
454 607 482 635 a
513 594 592 647 leye
616 597 690 635 aut
712 593 763 635 ab
788 594 925 646 aliquo
949 594 1187 646 firmissimo
1212 600 1448 649 aryumento

110 652 296 694 inchoare
325 653 433 694 debet
463 657 610 706 orator,
641 654 746 694 sieut
774 654 819 694 in
851 651 1119 695 Corneliana:
1160 653 1283 696 Unde
1314 654 1449 710 igitur

59 724 90 748 ιο
110 710 282 753 ordiar?
316 726 370 752 an
403 712 455 753 ab
488 711 583 766 ipsa
615 712 740 766 lege?

199 771 234 811 7.
272 771 398 812 Arus.
436 771 559 812 Mess.
588 785 632 823 p.
663 773 752 813 228
788 770 910 812 Lind.
950 770 1029 813 Cio.
1060 785 1139 824 pro
1178 771 1363 814 Cornelio
1400 772 1448 813 I.-

109 828 197 871 eius
232 829 346 870 modi
378 829 484 870 mihi
514 829 618 871 duos
645 829 821 883 laqueos
847 829 892 870 in
918 844 1044 871 eausa
1072 845 1164 871 esse
1190 831 1448 886 propositos,

109 891 174 943 ut,
207 888 243 929 si
275 902 342 929 me
374 888 510 930 altero
544 888 826 943 expedissem,
859 891 1027 929 tenerer
1060 890 1208 931 altero.

199 948 236 989 8.
267 947 415 989 Aseon.
440 961 482 999 p.
509 949 573 988 56.
597 949 654 988 25
686 946 856 1002 Legem,
887 947 1040 1001 inquit,
1073 948 1122 989 de
1148 948 1447 990 libertinorum

57 1017 89 1043 15
111 1006 326 1061 suffragiis
365 1004 588 1048 Cornelius
628 1004 671 1047 C.
709 1005 871 1046 Manlio
911 1005 1036 1046 dedit.
1105 1005 1214 1054 Quid
1259 1010 1325 1048 est
1367 1008 1448 1049 hoc

110 1064 285 1106 ‘dedit’P
330 1064 359 1117 †
396 1064 466 1105 An
512 1064 641 1105 tulit?
688 1079 742 1105 an
778 1064 978 1119 rogavit?
1024 1079 1077 1105 an
1114 1065 1314 1106 hortatus
1353 1068 1448 1108 est?

107 1124 137 1178 †
157 1124 226 1165 An
251 1123 403 1164 tulisse
429 1123 655 1164 ridiculum
677 1126 742 1164 est
768 1122 890 1177 quasi
911 1123 1051 1178 legem
1078 1123 1267 1178 aliquam
1295 1127 1369 1166 aut
1396 1125 1448 1166 ad

109 1182 377 1225 scribendum
405 1181 622 1223 difficilem
649 1184 722 1222 aut
749 1182 802 1223 ad
822 1182 1151 1237 excogitandum
1171 1184 1448 1237 reconditam,

109 1256 216 1296 quae
242 1242 310 1283 lex
336 1241 482 1296 paucis
508 1241 576 1282 his
602 1241 725 1282 annis
751 1255 837 1282 non
863 1241 988 1282 modo
1016 1241 1189 1296 scripta,
1218 1242 1290 1283 sed
1317 1243 1447 1284 etiam

0 1313 5 1336 2¹
55 1311 90 1336 20
110 1301 199 1342 lata
231 1302 355 1341 esset.

254 1359 302 1400 P.
345 1358 574 1411 Sulpicium
618 1359 662 1400 in
704 1358 914 1400 tribunatu
957 1358 1062 1400 liano
1111 1360 1276 1401 eandem
1327 1360 1448 1414 Zeyem

167 1418 305 1460 tulisse
333 1419 420 1459 iam
449 1418 779 1471 saynifieavimus.
825 1418 941 1458 Tulit
969 1421 1103 1459 autem
1133 1419 1181 1460 L.
1214 1418 1345 1470 Sulla,
1376 1421 1448 1472 qui

158 1481 300 1530 postea
324 1477 447 1518 Felix
471 1476 697 1530 appellatus
720 1483 786 1530 est,
819 1476 862 1529 Q.
883 1476 1074 1529 Pompeio
1100 1478 1326 1519 consulibus
1354 1481 1448 1520 ante

166 1536 346 1578 XXIII
371 1549 520 1589 annos,
557 1549 679 1588 quam
717 1535 812 1577 liaeo
847 1536 955 1577 dieta
990 1539 1102 1589 sunt,
1139 1549 1229 1578 eum
1258 1550 1335 1589 per
1364 1538 1447 1578 vim

4 1609 9 1633 5
56 1605 89 1630 25
166 1609 251 1637 rem
274 1609 317 1647 p.
343 1596 582 1648 possedisset
610 1598 647 1636 et
676 1594 726 1636 ab
757 1595 890 1636 initiis
927 1594 1126 1636 bonarum
1157 1596 1362 1637 actionum
1393 1597 1450 1638 ad

158 1655 343 1708 perditas
377 1667 616 1707 proyressus
657 1656 770 1707 esset,
817 1654 925 1706 quod
965 1657 1002 1695 et
1044 1654 1211 1695 initium
1255 1654 1447 1696 bellorum

166 1713 347 1755 civilium
375 1713 469 1764 fuit,
500 1716 536 1754 et
558 1716 725 1766 propter
753 1713 860 1765 quod
888 1713 971 1765 ipse
1001 1712 1207 1766 Sulpicius
1237 1714 1447 1756 consulum

166 1772 296 1813 armis
325 1772 414 1813 iure
444 1785 654 1825 oppressus
684 1785 764 1813 esse
795 1772 903 1813 visus
933 1774 1002 1813 est.

197 1831 234 1872 9.
266 1830 318 1871 In
350 1845 432 1884 quo
466 1845 560 1872 cum
593 1830 730 1872 multa
762 1830 1018 1885 reprehensa
1045 1831 1142 1884 sint,
1174 1833 1266 1872 tum
1292 1831 1335 1872 in
1362 1832 1444 1886 pri-

0 1904 15 1928 ω
57 1899 90 1925 30
109 1889 190 1931 mis
222 1889 419 1932 celeritas
452 1889 645 1931 aetionis.

253 1948 503 1991 Celeritatem
533 1949 705 1990 aetionis
728 1949 942 2002 siffliifteat,
972 1949 1071 2001 quia
1094 1949 1312 2002 .Manilius‚
1342 1950 1447 1992 sieut

165 2008 251 2049 iam
281 2009 543 2061 ostendimus,
573 2011 668 2061 post
689 2008 889 2060 pauculos
918 2008 1058 2049 statim
1089 2009 1189 2060 dies,
1229 2022 1353 2062 quam
1384 2009 1445 2050 in-

166 2067 269 2108 ierat
298 2067 568 2120 tribunatum,
601 2067 722 2120 leyem
751 2067 916 2108 eandem
948 2065 1240 2120 Compitalibus
1262 2068 1444 2120 pertulit.

199 2126 263 2168 10.
293 2125 454 2168 Petivit
492 2129 637 2167 tamen
676 2140 700 2167 a
737 2140 804 2167 me
842 2127 1016 2180 praetor
1053 2125 1240 2168 maxima
1275 2129 1444 2168 eonten-

5 2197 16 2224 ε
56 2193 88 2220 ³5
108 2183 236 2238 tione,
267 2187 315 2225 ut
347 2200 519 2227 causam
551 2184 702 2226 Manili
735 2184 1012 2226 defenderem.

255 2242 297 2285 G.
329 2245 490 2287 Attium
522 2244 681 2287 Celsum
716 2244 937 2298 siynifieat,
977 2245 1081 2286 sieut
1115 2245 1201 2286 iam
1238 2248 1332 2286 ante
1362 2245 1443 2287 die-

167 2304 251 2344 tum
282 2306 348 2344 est.

1162 2371 1231 2407 16*
