1673 2505
193 67 279 107 208
736 65 1002 101 PARADOXA

195 176 260 215 est
292 173 404 215 enim
435 173 645 215 libertas?
707 173 908 215 Potestas
941 173 1128 228 vivendi,
1168 177 1216 215 ut
1247 174 1366 216 velis.
1430 173 1534 222 Quis

192 232 329 288 igitur
359 232 486 287 vivit,
522 235 570 274 ut
595 232 706 286 volt,
742 231 827 272 nisi
859 231 932 286 qui
962 234 1075 273 reete
1101 232 1241 275 vivit?
1273 232 1346 287 qui
1378 233 1538 288 gaudet

194 291 348 345 officio,
380 291 447 333 cui
478 291 648 333 vivendi
679 290 750 332 via
781 289 1052 332 considerata
1089 293 1218 346 atque
1253 291 1428 346 provisa
1461 294 1538 346 est,

195 350 268 405 qui
298 364 352 391 ne
383 349 551 405 legibus
585 348 755 404 quidem
786 351 964 403 propter
996 351 1158 391 metum
1188 353 1326 405 paret,
1358 350 1432 391 sed.
1465 364 1537 392 eas

196 409 388 463 sequitur
414 411 457 450 et
482 408 597 462 colit⁷
627 407 726 461 quia
751 406 794 448 id
820 408 1010 449 salutare
1037 422 1129 450 esse
1155 409 1339 450 maxime
1365 408 1538 463 iudicat,
1575 421 1590 446 5

196 469 269 522 qui
299 468 407 508 nihil
441 466 560 521 dicit,
597 466 707 507 nihil
737 465 861 521 facit,
897 466 1006 508 nihil
1045 467 1210 523 cogitat
1242 467 1422 523 denique
1453 467 1539 509 nisi

193 526 391 567 lubenter
423 540 471 567 ae
504 526 649 579 libere,
681 525 799 567 cuius
826 525 970 566 omnia
995 526 1175 568 consilia
1199 541 1351 581 resque
1377 540 1537 581 omnes,

196 599 301 640 quas
335 584 465 640 gerit,
503 585 556 626 ab
594 584 689 639 ipso
727 584 1057 638 proficiscuntur
1088 585 1320 639 eodemque
1351 585 1538 627 referun-

109 650 173 676 -1
194 646 283 697 tur,
325 658 403 685 nec
447 646 513 684 est
549 643 640 684 ulla
677 657 763 697 res,
808 657 916 697 quae
953 644 1051 698 plus'
1089 643 1203 699 apud
1240 658 1336 685 eum
1373 645 1540 699 polleat

195 717 325 757 quam
368 701 504 757 ipsius
547 702 750 744 voluntas
801 704 929 756 atque
978 702 1200 756 iudicium3
1250 702 1317 744 oui
1367 703 1538 757 quidem
1559 715 1592 740 10

195 761 343 815 etiam,
387 775 495 815 quae
539 761 626 802 vim
662 760 820 802 habere
859 761 1090 802 maximam
1130 760 1303 815 dicitur,
1345 760 1538 803 Fortuna

193 820 290 875 ipsa
314 819 437 871 cedit,
464 819 512 874 si,
537 822 586 861 ut
612 819 781 874 sapiens
807 822 937 874 poeta
966 820 1090 874 dixit,
1122 819 1246 862 ‘suis
1278 835 1334 861 ea
1360 820 1539 875 cuique

192 878 420 935 fingitur
463 877 718 920 moribus.'
788 877 878 920 Soli
917 879 1051 934 igitur
1093 879 1174 921 hoc
1218 879 1433 935 contingit
1476 893 1539 921 sa-

193 938 342 993 pienti,
373 940 423 979 ut
454 937 562 979 nihil
593 937 725 979 faeiat
756 937 929 992 invitus,
960 937 1068 979 nihil
1095 938 1256 993 dolens,
1286 938 1395 979 nihil
1422 953 1539 980 eoac-

125 1009 168 1040 35
194 999 277 1038 tus.
338 995 460 1045 Quod
492 996 574 1038 etsi
605 997 668 1038 ita
700 1010 792 1038 esse
830 997 1026 1051 pluribus
1064 997 1206 1039 verbis
1245 996 1538 1039 disserendum
1559 1007 1591 1034 15

123 1513 169 1596 ΒΞ

121 2185 165 2218 37

195 1058 273 1110 est,
304 1055 413 1097 illud
444 1058 590 1097 tamen
622 1059 665 1097 et
696 1056 824 1097 breve
857 1058 900 1097 et
931 1056 1219 1098 confitendum
1245 1058 1322 1110 est,
1353 1056 1438 1098 nisi
1467 1056 1541 1110 qui

194 1115 257 1156 ita
290 1114 346 1156 sit
379 1114 583 1170 adfectus,
615 1129 708 1156 esse
740 1114 924 1156 liberum
949 1115 1175 1157 neminem.
1224 1113 1366 1171 Igitur
1391 1129 1538 1161 omnes

193 1174 381 1229 improbi
419 1174 543 1215 servi.
605 1172 695 1215 Nec
731 1173 813 1216 hoc
850 1177 942 1215 tam
979 1188 1025 1216 re
1063 1177 1129 1215 est
1167 1189 1295 1229 quam
1329 1174 1444 1216 dictu
1475 1174 1539 1215 in-

195 1232 419 1288 opinatum
457 1235 585 1287 atque
624 1232 833 1274 mirabile.
894 1232 994 1275 Non
1031 1233 1144 1274 enim
1181 1233 1245 1274 ita
1282 1232 1428 1275 dicunt
1466 1247 1538 1275 eos

195 1306 287 1333 esse
320 1306 478 1345 servos,
509 1294 558 1333 ut
590 1291 815 1346 mancipia,
848 1306 956 1346 quae
989 1294 1089 1333 sunt
1120 1291 1391 1333 dominorum
1421 1291 1538 1333 facta
1557 1302 1591 1327 2⁰

192 1364 301 1392 nexo
322 1353 397 1392 aut
416 1350 561 1405 aliquo
579 1350 671 1392 iure
692 1350 820 1402 civili,
845 1350 931 1405 sed,
957 1351 993 1392 si
1018 1351 1202 1392 servitus
1230 1350 1299 1405 sit,
1324 1350 1436 1392 sicut
1460 1354 1539 1405 est,

194 1409 466 1452 oboedientia
496 1409 624 1451 fracti
656 1409 789 1451 animi
821 1411 863 1450 et
895 1409 1051 1451 abiecti
1077 1412 1119 1450 et
1145 1409 1326 1451 arbitrio
1352 1409 1537 1451 carentis

194 1482 286 1523 suo7
306 1468 400 1523 quis
420 1470 551 1524 neget
570 1482 718 1510 omnes
738 1469 865 1522 leves,
886 1482 1033 1510 omnes
1053 1468 1243 1524 cupidos,
1262 1482 1408 1510 omnes
1426 1468 1540 1510 deuio

195 1541 276 1582 que
313 1527 534 1582 improbos
573 1541 665 1568 esse
704 1526 879 1569 servos?
941 1527 1012 1569 An
1047 1527 1122 1569 ille
1161 1527 1268 1569 mihi
1305 1528 1430 1582 liber,
1469 1528 1537 1570 cui

194 1586 349 1628 mulier
378 1586 582 1641 imperat,
614 1586 681 1628 cui
712 1586 829 1639 leges
862 1586 1063 1641 imponit,
1094 1586 1366 1642 praeseribit,
1405 1586 1537 1641 iubet,
1557 1596 1590 1622 25

192 1648 323 1700 vetat,
351 1645 464 1700 quod
483 1644 680 1686 videtur?
707 1645 780 1700 qui
805 1645 914 1686 nihil
939 1645 1172 1701 imperanti
1195 1659 1354 1702 negare
1378 1648 1538 1701 potest,

191 1704 301 1745 nihil
333 1718 529 1746 reeusare
562 1703 719 1746 audet?
779 1703 936 1759 Poscit,
968 1704 1154 1746 dandum
1187 1707 1269 1759 est3
1300 1707 1439 1759 vocat,
1469 1719 1537 1746 ve-

191 1763 394 1805 niendum
415 1765 498 1817 est3
525 1763 634 1817 eicit,
655 1763 916 1817 abeundum3
941 1763 1141 1818 minatur,
1165 1762 1536 1805 extimescendum.

191 1821 288 1878 Ego
321 1836 422 1864 vero
454 1821 587 1863 istum
618 1837 705 1863 non
736 1822 863 1864 modo
896 1822 1197 1876 servum‚⁸sed
1226 1822 1536 1876 nequissimum

193 1894 376 1936 servum,
402 1880 572 1923 etiamsi
596 1875 643 1922 iri
662 1881 931 1936 amplissima
952 1881 1119 1923 familia
1143 1883 1271 1923 natus
1297 1881 1366 1935 sit,
1393 1882 1535 1936 appel·
1557 1891 1588 1917 ³0

191 1939 368 1981 landum
394 1942 511 1995 puto.
555 1940 698 1994 Atque
724 1940 768 1981 in
793 1940 889 1995 pari
914 1940 1103 1982 stultitia
1129 1943 1240 1994 sunt,
1266 1954 1372 1995 quos
1398 1941 1534 1995 signa,

193 2012 298 2052 quos
324 1999 511 2053 tabulae,
544 2013 650 2053 quos
677 2000 890 2041 caelatum
917 2002 1155 2055 argentum,
1182 2013 1289 2054 quos
1310 1997 1536 2041 Corinth1a

191 2072 335 2112 opera,
368 2072 474 2112 quos
507 2058 700 2100 aedificia
731 2058 961 2114 magnifica
990 2058 1123 2100 nimio
1154 2072 1281 2114 opere
1309 2058 1535 2100 delectant.

192 2115 269 2157 eAt
301 2116 475 2172 sumus',
506 2117 659 2172 inquit,
691 2116 919 2173 ‘principes
952 2115 1167 2159 civitatis?
1228 2115 1318 2159 Vos
1351 2131 1451 2159 vero
1480 2131 1534 2158 ne

193 2189 495 2217 conservorum
534 2176 704 2230 quidem
741 2179 983 2218 vestrorum
1020 2176 1235 2231 principes
1275 2176 1392 2218 estis.
1453 2174 1536 2217 Sed
1555 2186 1587 2211 ³5

191 2236 241 2276 ut
272 2234 317 2275 in
348 2249 507 2291 magna
538 2235 705 2277 familia
734 2238 835 2277 sunt
860 2235 935 2277 alii
960 2235 1179 2290 lautiores,
1211 2238 1259 2276 ut
1285 2235 1368 2276 sibi
1393 2234 1536 2276 viden-

190 2295 274 2346 tur,
300 2293 424 2347 servi,
451 2293 524 2335 sed
549 2296 695 2335 tamen
721 2294 844 2349 servi,
869 2296 918 2336 ut
938 2293 1159 2349 atrienses,
1185 2296 1231 2336 at
1252 2293 1324 2349 qui
1344 2296 1535 2336 tractant
