1673 2505
253 91 339 132 410
767 91 1065 126 FRAGMENTA

252 199 459 241 Adulatus
495 203 554 241 est
587 200 766 241 videlicet
800 200 935 240 Attico
977 202 1014 240 et
1053 200 1187 240 irrisit
1226 199 1426 242 hominem
1465 201 1588 253 fami—

253 258 409 299 liarem.

343 316 429 368 [35.
462 316 606 369 Veryil.
633 329 807 369 yramm.
838 329 918 357 exc.
950 317 996 357 in
1018 316 1169 358 Anecd.
1195 317 1348 358 Helvet.
1377 331 1416 369 p.
1441 320 1536 359 192.
1561 321 1589 359 7

255 373 454 416 “]ὶ[αοαῐα’
487 378 620 415 autem
651 377 688 415 et
718 373 888 427 ‘tabula,
918 375 1062 427 fibula,
1093 375 1324 430 macellum,
1354 375 1587 431 viuculum',

251 447 354 485 quae
389 434 561 474 nomina
590 434 754 485 primae
775 434 993 486 positionis
1022 447 1104 474 non
1140 433 1301 488 liabent,
1339 435 1587 476 deminutiva
1623 446 1640 471 5

253 505 334 533 esse
362 505 446 532 non
473 491 595 543 facile
625 492 851 532 creduntur.
884 491 914 543 ἦ*
940 492 999 533 At
1021 491 1092 533 lioc
1117 492 1252 534 Cicero
1276 492 1425 534 solebat
1449 494 1588 544 elicere,

252 551 348 591 leaee
377 563 458 591 esse
487 550 736 591 deminutiva
765 564 814 591 ex
843 564 979 604 sensu,
1009 564 1091 592 non
1122 564 1171 592 ex
1202 551 1364 603 littera]

343 608 430 660 [36.
461 607 524 649 Π).
547 623 592 661 p.
617 611 713 650 200.
737 611 796 651 24
821 609 1069 661 Frequenter
1098 610 1278 650 causales
1299 623 1380 662 pro
1409 611 1589 651 rationa-

253 667 399 708 bilibus
430 670 467 707 et
496 667 745 720 copulativae
765 681 846 720 pro
877 668 1106 709 causalibus
1128 669 1232 720 poni
1261 668 1402 721 solent,
1441 672 1488 710 ut
1508 682 1588 721 pro

330 727 336 732 “
379 724 391 742 5
431 724 443 742 Q
485 724 497 741 5

253 798 330 825 vos
362 783 578 837 iuverunt,
616 788 824 837 tamquam
854 785 926 826 lioc
955 786 1120 826 diceret:
1166 785 1345 839 Vicistis,
1381 786 1480 838 quia
1509 785 1589 827 Dii

252 856 320 884 vos
351 844 565 895 iuverunt]

342 902 409 942 37.
440 901 555 942 Plin.
584 905 668 942 nat.
699 901 791 943 hist.
818 901 910 943 VH
931 904 1012 943 135
1035 902 1084 943 P.
1112 902 1343 943 Ventidium
1373 925 1429 931 —
1454 901 1589 944 Cicero

252 961 412 1012 (auctor
441 960 516 1012 est)
546 960 766 1001 mulionem
796 962 1009 1002 castrensis
1037 962 1256 1013 furnariae
1278 962 1419 1013 fuisse.
1445 985 1500 991 --
1526 961 1588 1014 Cf.

250 1020 351 1071 fam.
383 1018 430 1059 X
457 1022 522 1060 18.
552 1022 580 1060 3
609 1017 786 1059 Ventidi
818 1018 1020 1060 mulionis
1052 1022 1206 1060 castra.
1608 1031 1640 1056 15
1672 1058 1673 1062 ,

341 1078 408 1119 38.
439 1077 612 1119 Hieron.
643 1091 700 1130 ep.
732 1079 789 1119 ad
817 1077 1051 1119 Pammacli.
1084 1082 1147 1119 66.
1184 1082 1212 1120 7
1244 1078 1291 1120 T,
1321 1078 1354 1120 Ι
1371 1093 1414 1131 p.
1444 1082 1529 1120 398
1547 1079 1589 1120 Α

259 1135 436 1177 Vallars.
479 1136 652 1189 Eyrcqie
694 1137 741 1178 de
780 1136 952 1178 Caesare
990 1137 1174 1178 Tullius:
1217 1135 1325 1178 Cum
1369 1137 1588 1191 quosdam,

250 1196 322 1248 ait,
354 1209 505 1236 ornare
531 1195 681 1248 voluit,
711 1209 798 1236 non
822 1195 922 1236 illos
948 1195 1206 1248 honestavit,
1238 1195 1311 1236 sed
1337 1199 1589 1237 ornamenta

251 1254 346 1308 ipsa
375 1253 578 1308 turpavit.
1645 1304 1651 1311 .

342 1312 410 1353 39.
435 1313 561 1353 Arus.
584 1313 709 1354 Dffess.
729 1327 772 1365 p.
791 1315 873 1354 211
891 1313 1014 1354 Lind.
1040 1313 1237 1354 Adsidere
1261 1313 1389 1353 illum.
1431 1312 1587 1354 Cicero:
1607 1325 1640 1350 20
1670 1334 1673 1357 1

255 1369 400 1424 Neque
438 1370 630 1412 adsidere
663 1370 892 1412 Gabinium
931 1373 1005 1412 aut
1043 1371 1205 1424 alloqui
1242 1370 1287 1411 in
1324 1371 1440 1412 curia
1477 1370 1589 1425 quis-

253 1444 380 1484 quam
407 1429 603 1470 audebat.
631 1453 680 1458 —
709 1430 779 1471 Em
798 1429 1027 1470 Pisoniana
1044 1431 1219 1482 petitum
1242 1430 1397 1471 videtur
1417 1429 1588 1471 Halmio
1646 1456 1647 1462 =

250 1489 308 1529 ecl.
342 1487 411 1529 Or.
442 1488 501 1528 Π
529 1488 574 1529 Τ.
605 1487 666 1529 ΙΙ
682 1502 727 1541 p.
758 1492 876 1529 1101.

339 1546 407 1588 40.
439 1546 549 1588 Serv.
588 1546 701 1600 Very.
732 1547 836 1588 Aen.
868 1547 915 1588 X
941 1549 1023 1588 564
1056 1545 1190 1589 Cicero
1214 1550 1382 1600 propter
1414 1547 1588 1588 nimiam

253 1606 488 1646 modestiam
510 1606 666 1658 perisse
697 1606 787 1647 illos
817 1604 1095 1659 (Amyclaeos)
1125 1606 1196 1659 ait,
1227 1606 1325 1647 dum
1348 1619 1376 1646 a
1399 1606 1588 1658 finitimis
1607 1617 1640 1643 25
1668 1626 1673 1650 ε

250 1665 457 1716 accipiunt
486 1665 666 1706 iniurias
696 1667 733 1705 et
762 1668 893 1705 tacent
921 1678 999 1705 eas.

338 1723 407 1763 41.
440 1721 601 1765 Gledon.
632 1737 703 1764 ars
736 1723 780 1764 T.
821 1723 861 1764 V
879 1737 921 1776 p.
945 1726 1013 1764 26.
1037 1726 1095 1765 32
1119 1723 1228 1764 Keil.
1258 1723 1437 1764 Litterae
1465 1724 1587 1776 ipsae,

250 1782 287 1823 si
318 1782 374 1822 ad
402 1782 594 1823 elementa
623 1782 858 1834 referamus,
884 1783 1018 1822 neutri
1043 1783 1200 1834 yeneris
1230 1785 1335 1832 sunt,
1364 1783 1469 1824 sicut
1494 1782 1588 1823 Tul-

251 1841 333 1881 lius
357 1841 473 1891 dixit,
504 1844 551 1881 ut
576 1840 661 1881 ‘hoc
684 1855 736 1890 m,
761 1840 832 1881 lioc
857 1839 898 1893 l',
922 1841 960 1881 si
983 1842 1038 1882 ad
1061 1842 1172 1893 ipsas
1197 1841 1362 1893 litteras,
1384 1841 1587 1892 feminini.

255 1923 303 1928 —
339 1898 404 1940 Id.
432 1913 473 1952 p.
503 1901 573 1941 28.
603 1903 659 1941 17
692 1899 838 1941 Omnes
875 1900 1028 1941 litterae
1059 1900 1216 1952 ,ceneris
1251 1902 1349 1941 sunt
1381 1900 1517 1940 neutri
1552 1903 1621 1940 eta
1665 1920 1673 1944 2

250 1972 403 2010 semper
438 1958 743 1999 indeclinabilia
781 1961 879 1999 sunt
919 1958 1168 2012 [numquam
1211 1957 1502 2012 declinantur]‚
1543 1961 1591 1999 ut

251 2017 313 2057 ait
354 2015 490 2058 Cicero
532 2016 563 2070 ἢ·
604 2018 651 2057 in
681 2016 960 2058 Siciliensibus
1001 2017 1198 2058 accidunt.
1243 2040 1298 2046 —-
1342 2015 1402 2068 Cf:
1446 2016 1588 2070 Pomp.

250 2079 457 2116 comment.
482 2090 526 2128 p.
557 2079 648 2117 111.
679 2080 716 2117 0.

339 2134 409 2175 42.
439 2134 659 2186 Αηῃῑιδίῖη.
690 2134 843 2175 dialect.
867 2148 911 2187 p.
943 2138 980 2175 9.
1011 2137 1067 2176 18
1098 2132 1239 2175 Orecel.
1266 2148 1401 2187 pro-qr.
1431 2134 1588 2185 Elberf.

252 2194 364 2234 ‚1857
388 2192 513 2234 Stoici
543 2197 772 2247 autumant,
803 2206 902 2245 quos
928 2192 1063 2235 Cicero
1094 2193 1140 2233 in
1163 2192 1239 2233 hac
1261 2206 1306 2233 re
1329 2192 1359 2245 ’ξ’
1382 2196 1428 2233 ut
1453 2192 1588 2234 Cicero
1607 2204 1622 2229 3
1663 2213 1673 2239 ω

251 2252 416 2304 inridet,
453 2252 613 2293 nullum
650 2265 731 2293 esse
766 2252 945 2306 verbum,
982 2252 1096 2293 cuius
1130 2264 1213 2293 non
1250 2254 1356 2292 certa
1393 2252 1589 2305 explicari

250 2311 362 2363 orico
385 2311 527 2363 possit.
