1663 2490
97 564 164 597 ‚73

121 1419 177 1460 22

121 1471 166 1503 74

124 1855 165 1886 75

191 96 246 138 26
712 96 776 130 DE
802 96 1001 131 OFFICHS

190 204 282 259 regi
325 204 477 246 civitas
523 206 597 245 aut
640 203 847 245 declarari
891 203 1023 244 animi
1067 203 1318 258 magnitudo
1368 206 1524 259 potest.

190 261 523 317 Capessentibus
544 264 687 303 autem
707 276 797 303 rem
822 261 1039 316 publicam
1064 262 1200 303 nihilo
1227 262 1368 303 minus
1396 277 1524 317 quam

188 320 478 376 philosophis,
518 320 632 362 haud
673 320 760 362 scio
801 334 857 361 an
895 320 1034 375 magis
1076 320 1206 362 etiam
1247 323 1291 362 et
1331 321 1524 377 magnifi-

190 379 330 421 centia
366 382 410 420 et
447 379 724 434 despicientia
762 377 1002 419 adhibenda
1039 381 1104 420 est
1139 393 1282 420 rerum
1319 379 1523 421 humana-

190 453 303 491 rum,
341 452 469 492 quam
507 451 632 492 saepe
671 437 781 491 dico,
819 439 862 478 et
898 437 1192 491 tranquillitas
1225 438 1358 479 animi
1395 441 1524 492 atque
1561 449 1578 474 5

192 496 417 550 securitas,
448 496 657 550 siquidem
688 510 765 537 nec
797 495 913 536 anxii
942 495 1077 537 futuri
1109 499 1209 537 sunt
1241 499 1284 538 et
1308 511 1405 538 cum
1431 511 1525 552 gra-

189 555 324 596 vitate
356 554 682 607 constantiaque
713 554 878 595 victuri.
929 552 1044 602 Quae
1075 554 1272 597 faciliora
1303 557 1403 596 sunt
1433 555 1525 610 phi-

191 613 403 668 losophis,
430 627 513 667 quo
541 613 680 654 minus
707 612 845 654 multa
869 614 1019 667 patent
1044 612 1088 654 in
1114 627 1261 655 eorum
1287 614 1389 667 vita,
1418 628 1524 668 quae

190 672 365 713 fortuna
400 671 546 725 feriat,
584 673 628 712 et
665 685 748 725 quo
787 671 926 712 minus
959 671 1107 712 multis
1139 672 1265 713 rebus
1299 675 1444 727 egent,
1482 675 1525 714 et

192 731 309 785 quia,
335 730 372 771 si
392 730 493 785 quid
519 729 686 771 adversi
711 729 896 783 eveniat,
922 732 1013 770 tam
1039 730 1228 784 graviter
1259 731 1408 772 cadere
1438 745 1525 772 non
1546 744 1578 768 ιο

191 791 383 844 possunt.
433 787 640 837 Quocirca
663 802 751 830 non
782 788 872 830 sine
897 802 1026 830 causa
1058 788 1241 830 maiores
1268 791 1409 830 motus
1436 790 1524 830 ani-

192 862 357 889 morum
404 847 674 889 concitantur
721 847 967 902 maioraque
1006 848 1144 889 studia
1185 846 1393 889 efficiendi
1434 862 1525 890 rem

190 906 408 961 publicam
441 906 689 962 gerentibus
728 920 856 960 quam
893 905 1066 959 quietis,
1105 920 1188 960 quo
1227 906 1366 961 magis
1397 906 1450 948 iis
1483 909 1526 948 et

190 964 441 1021 magnitudo
474 967 540 1006 est
571 964 701 1006 animi
734 964 974 1006 adhibenda
1011 966 1053 1006 et
1083 965 1276 1006 vacuitas
1308 965 1362 1006 ab
1396 978 1524 1020 ango·
1630 1004 1631 1010 ,

190 1023 321 1065 ribus.
382 1023 450 1064 Ad
481 1038 571 1065 rem
604 1023 834 1079 gerendam
866 1025 1009 1064 autem
1042 1023 1114 1077 qui
1146 1023 1324 1077 accedit,
1363 1027 1524 1078 caveat,
1547 1035 1579 1060 1⁵
1630 1025 1631 1066 Ξ

190 1097 243 1124 ne
285 1082 329 1123 id
372 1082 497 1124 modo
543 1082 798 1135 consideret,
843 1097 971 1136 quam
1013 1081 1090 1123 illa
1132 1096 1199 1123 res
1237 1083 1420 1126 honesta
1457 1082 1526 1136 sit,

192 1141 265 1182 sed
291 1141 422 1182 etiam
453 1143 502 1182 ut
525 1141 684 1182 habeat
710 1140 918 1182 efficiendi
943 1140 1213 1195 facultatem3
1243 1142 1288 1182 in
1315 1155 1397 1195 quo
1430 1141 1524 1195 ipso

191 1199 544 1242 considerandum
583 1202 665 1253 est,
705 1214 758 1240 ne
802 1202 876 1240 aut
912 1202 1072 1241 temere
1110 1199 1306 1254 desperet
1348 1202 1526 1254 propter

190 1258 409 1315 ignaviam
441 1261 515 1300 aut
545 1258 672 1299 nimis
705 1258 890 1300 confidat
921 1260 1097 1312 propter
1128 1258 1419 1312 cupiditatem.
1475 1257 1525 1299 In

192 1317 389 1359 omnibus
422 1319 565 1358 autem
595 1317 799 1372 negotiiS,
830 1316 948 1370 prius
982 1331 1109 1371 quain
1142 1316 1413 1372 adgrediare,
1452 1317 1524 1358 ad-
1545 1329 1579 1354 20
1627 1347 1629 1361 ³
1656 1330 1657 1340 ¹

192 1376 379 1418 hibenda
411 1378 477 1417 est
507 1375 781 1430 praeparatio
815 1375 1008 1430 diligens.
1626 1386 1628 1397 ¹

280 1434 361 1477 Sed
393 1449 487 1477 cum
519 1435 710 1489 plerique
743 1434 1006 1475 arbitrentur
1037 1448 1104 1474 res
1130 1433 1308 1475 bellicas
1341 1434 1524 1476 maiores

193 1507 285 1536 esse
317 1507 446 1548 quam
477 1493 684 1546 urbanas,
716 1492 944 1534 minuenda
975 1495 1041 1533 est
1065 1492 1169 1534 haec
1196 1492 1352 1547 opinio.
1396 1492 1523 1534 Multi

193 1552 305 1594 enim
336 1552 452 1593 bella
484 1566 610 1606 saepe
642 1551 944 1606 quaesiverunt
968 1553 1145 1605 propter
1177 1550 1341 1606 gloriae
1367 1551 1525 1606 cupidi-
1624 1590 1625 1598 ,

192 1614 345 1665 tatem,
372 1613 500 1665 atque
526 1610 569 1651 id
593 1610 638 1651 in
663 1610 831 1665 magnis
864 1610 1017 1651 animis
1048 1609 1315 1665 ingeniisque
1340 1610 1524 1664 plerum—
1545 1621 1579 1647 25
1624 1606 1625 1642 ἲ
1651 1614 1655 1634 ÷

193 1684 274 1724 que
300 1669 530 1724 contingit,
562 1683 695 1723 eoque
721 1668 878 1724 magis,
911 1668 947 1709 si
972 1670 1072 1710 sunt
1098 1668 1150 1709 ad
1175 1682 1265 1710 rem
1292 1669 1523 1710 militarem

193 1728 284 1783 apti
321 1731 364 1770 et
400 1727 543 1782 cupidi
578 1728 790 1769 bellorum
832 1727 1133 1783 gerendorum;
1170 1733 1271 1768 vere
1306 1730 1450 1768 autem
1488 1741 1525 1769 sl

193 1787 391 1829 volumus
423 1786 628 1841 iudicare,
660 1786 821 1828 multae
853 1800 920 1827 res
954 1786 1188 1827 extiterunt
1218 1785 1407 1827 urbanae
1439 1801 1525 1828 ma-

192 1846 304 1888 iores
336 1845 622 1900 clarioresque
655 1859 783 1899 quam
814 1844 1004 1886 bellicae.
1055 1843 1257 1892 Quamvis
1285 1845 1398 1886 enim
1418 1844 1524 1887 The—
1620 1883 1622 1893 χ

193 1904 410 1946 mistocles
441 1904 533 1945 iure
564 1903 763 1945 laudetur
794 1906 836 1945 et
869 1903 925 1944 sit
956 1903 1045 1944 eius
1070 1917 1227 1944 nomen
1259 1917 1388 1957 quam
1408 1901 1524 1945 Solo·
1543 1914 1580 1940 80
1619 1897 1622 1965 J

192 1963 259 2005 nis
302 1962 527 2004 inlustrius
571 1963 809 2017 citcturque
853 1960 1036 2003 Salamis
1085 1961 1350 2003 clarissimae
1400 1961 1524 2003 testis

192 2022 417 2076 victoriae,
456 2036 563 2076 quae
607 2022 892 2076 anteponatur
929 2019 1106 2061 consilio
1139 2018 1309 2061 Solonis
1346 2021 1403 2074 ei,
1441 2035 1524 2075 quo

192 2080 379 2136 primum
404 2079 630 2122 constituit
658 2079 956 2135 Ariopagitas,
981 2093 1067 2120 non
1092 2079 1232 2120 minus
1258 2079 1523 2134 praeclarum

193 2140 275 2182 hoc
307 2154 434 2194 quam
459 2138 567 2180 illud
592 2138 863 2180 iudicandum
889 2140 971 2191 est3
1001 2137 1109 2179 illud
1135 2138 1248 2178 enim
1274 2138 1404 2179 semel
1430 2152 1525 2193 pro—

192 2198 293 2252 fuit,
336 2198 417 2239 hoc
448 2212 615 2253 semper
651 2197 843 2252 proderit
873 2195 1055 2250 civitati3
1086 2196 1167 2238 hoc
1197 2196 1376 2238 consilio
1408 2196 1525 2252 leges
1545 2206 1579 2233 35

195 2256 540 2310 Atheniensium,
584 2255 665 2297 hoc
708 2255 919 2297 maiorum
961 2255 1162 2296 instituta
1198 2257 1441 2309 servantum
1485 2257 1526 2296 et

193 2315 505 2358 Themistocles
538 2314 707 2370 quidem
738 2314 847 2356 nihil
879 2312 1050 2368 dixerit,
1080 2313 1125 2354 in
1157 2327 1240 2368 quo
1271 2314 1364 2369 ipse
1396 2313 1526 2356 Areo-
