1673 2505
126 105 402 143 PHILOSOPH.
428 106 465 143 F.
492 107 542 142 XI
565 106 828 142 l—FACETE
848 106 1108 142 DICTORUM.
1137 107 1179 141 G.
1206 117 1228 140 a
1248 111 1277 142 1.
1329 106 1412 147 341

167 216 207 257 4.
238 214 352 256 Ρῐίη.
389 213 482 256 VII
502 218 556 256 18
585 214 783 257 Feminas
814 215 946 257 omnis
976 214 1120 267 ubique
1149 213 1239 255 visu
1268 226 1415 262 nocere,

78 288 180 328 quae
209 274 385 326 duplices
406 273 593 327 pupillas
623 273 812 327 babeant,
850 272 985 316 Cicero
1021 285 1174 326 quoque
1204 272 1316 325 apud
1344 285 1417 312 nos

79 336 218 374 auctor
249 335 315 374 est.

138 390 176 433 5.
213 389 325 432 Plin.
364 390 459 432 VII
483 392 537 433 85
567 390 624 432 In
659 404 758 432 nuce
794 391 994 433 inclusam
1030 390 1205 431 Iliadem
1245 389 1419 430 Homeri

43 462 60 487 5
80 463 243 492 carmen
267 450 314 490 in
338 450 574 491 membrana
597 451 792 503 scriptum
817 450 945 492 tradit
969 448 1126 497 Cicero;
1152 449 1256 490 idem
1280 448 1418 500 fuisse,

77 509 148 562 qui
176 509 406 561 pervideret
435 525 568 551 cxxxv
591 526 623 550 M
652 522 860 561 passuum.
897 532 946 537 —
988 506 1048 560 Cf.
1086 506 1167 549 Cic.
1205 507 1334 548 Acad.
1365 505 1421 547 ΙΙ

77 569 145 609 25.
183 570 236 609 81
273 566 354 608 Ille
396 568 526 609 nescio
562 568 649 620 qui,
692 568 762 620 qui
805 568 851 608 in
887 567 1032 609 scholis
1066 567 1276 608 nominari
1311 565 1418 619 solet,

78 625 190 667 mille
220 629 257 667 et
287 627 486 680 octoqinta
515 626 650 668 stadia
681 627 788 678 quod
816 626 981 678 abesset,
1012 625 1178 667 videbat.

166 684 205 726 6.
237 683 391 726 Colum.
421 683 511 726 III
530 688 568 727 8.
599 687 629 726 2
659 685 721 726 M.
756 685 916 727 Tullius
948 683 1083 727 Cicero
1115 685 1224 726 testis
1254 686 1311 725 est
1339 681 1419 724 Ro-

27 756 59 780 10
79 756 248 784 manum
277 744 405 795 fuisse
435 744 559 785 civem
591 744 793 785 Naevium
819 743 1045 786 Pollionem
1069 743 1171 796 pede
1201 743 1420 797 longiorem

0 817 1 835 ἢ
77 815 202 855 quam
231 815 472 855 quemquam
504 802 795 856 lonqissimum.

299 1006 403 1043 XIV.
447 1005 688 1044 EDICTUM
719 1005 764 1043 L.
795 1004 976 1043 RACILI
1008 1005 1086 1043 TR.
1118 1004 1195 1042 PL.

166 1096 295 1139 Schol.
320 1096 422 1138 Bob.
448 1097 494 1138 in
519 1110 574 1138 or.
593 1111 637 1149 p.
663 1096 835 1138 Plancio
854 1110 897 1149 p.
923 1098 1020 1138 268.
1045 1098 1103 1137 20
1129 1095 1243 1136 Bait.
1270 1095 1422 1136 Exstat

79 1155 236 1197 libellus
266 1156 442 1197 eiusdem
474 1154 694 1206 Ciceronis,
732 1156 803 1208 qui
834 1156 894 1196 ita
926 1155 1183 1196 inscribitur:
1220 1152 1420 1195 Edictum

27 1226 58 1251 ¹5
77 1214 182 1256 Luci
226 1214 364 1256 Racili
407 1214 570 1255 tribuni
620 1214 754 1268 plebi,
806 1214 914 1266 quod
958 1214 1031 1256 sub
1079 1213 1242 1255 nomine
1292 1213 1420 1266 ipszus

79 1272 215 1316 Cicero
245 1274 409 1326 scripsit
438 1274 483 1315 in
517 1273 775 1315 invectionem
805 1272 854 1314 P.
887 1271 1018 1315 Clodi.

313 1578 362 1621 G.
407 1577 711 1622 CICERONIS
743 1577 970 1621 FACETE
1002 1577 1191 1621 DICTA.

559 1682 591 1706 a.
629 1670 936 1706 TESTIMONIA.

172 1745 207 1785 1.
233 1743 313 1787 Cic.
335 1744 437 1797 fam.
464 1744 560 1786 VII
577 1747 645 1787 32.
671 1748 696 1786 1
725 1744 879 1797 Quibus
905 1745 949 1786 in
975 1744 1120 1786 litteris
1149 1744 1290 1786 omnia
1320 1743 1423 1785 mihi

26 1816 60 1842 20
71 1804 330 1858 periucunda
358 1804 527 1855 fuerunt
547 1807 712 1857 praeter
741 1804 860 1854 illud,
899 1804 1006 1856 quod
1025 1816 1182 1857 parum
1213 1803 1423 1857 diligenter

72 1863 271 1916 possessio
295 1863 529 1904 salinarum
553 1876 736 1904 mearum
761 1876 788 1904 a
819 1866 854 1904 te
877 1866 1142 1916 procuratore
1172 1862 1420 1914 defenditur;

78 1922 144 1964 ais
169 1923 288 1975 enim,
320 1925 366 1963 ut
390 1936 456 1975 eqo
482 1922 738 1975 discesserim,
771 1923 910 1964 omnia
935 1923 1118 1963 omnium
1143 1922 1262 1975 dicta,
1292 1922 1338 1963 in
1368 1922 1423 1962 iis

78 1982 202 2022 etiam
221 1980 424 2032 Sestiana,
449 1982 494 2023 in
519 1995 582 2022 me
603 1981 789 2032 conferri.
835 1980 971 2033 Quid?
998 1984 1041 2022 tu
1066 1981 1110 2022 id
1125 1979 1314 2034 pateris?
1338 1994 1423 2022 non

78 2053 141 2082 me
162 2040 372 2092 defendis?
398 2054 481 2082 non
505 2040 689 2082 resistis?
733 2040 936 2093 Equidem
960 2040 1171 2092 sperabam
1197 2040 1257 2081 ita
1280 2042 1423 2081 notata

26 2111 58 2137 25
78 2113 141 2141 me
170 2100 379 2153 reliquisse
405 2113 556 2154 qenera
585 2100 783 2141 dictorum
813 2113 1010 2149 meorum,
1048 2103 1095 2140 ut
1130 2099 1310 2152 coqnosci
1345 2112 1422 2140 sua

77 2162 217 2211 sponte
240 2162 413 2212 possent.
469 2158 551 2201 Sed
579 2160 773 2212 quoniam
807 2162 921 2199 tanta
949 2158 1046 2210 faex
1077 2161 1135 2200 est
1163 2159 1210 2200 in
1239 2157 1346 2210 urbe,
1377 2161 1423 2198 ut

77 2217 184 2259 nihil
213 2219 270 2260 sit
299 2221 384 2259 tam
415 2214 668 2272 ἆκύθηρον,
698 2219 805 2270 quod
832 2231 915 2258 non
945 2217 1072 2259 alicui
1100 2220 1312 2259 venustum
1342 2230 1423 2258 esse

77 2277 273 2328 videatur,
298 2291 454 2330 puqna,
485 2278 523 2320 si
547 2291 609 2318 me
633 2290 761 2325 amas,
792 2277 877 2318 nisi
901 2279 1022 2318 acuta
1047 2273 1306 2330 ἀμφιβολία,
1337 2276 1422 2317 nisi

77 2335 236 2389 eleqans
261 2331 501 2391 ὑπερβολή,
532 2336 617 2378 nisi
641 2333 938 2391 παράγραμμα
970 2335 1127 2386 bellum,
1160 2336 1244 2377 nisi
1273 2334 1422 2376 ridicu-
