1673 2505
431 105 710 141 POEMATUM.
736 105 780 140 H.
808 106 857 140 IX
884 105 986 140 2-X
1010 110 1043 141 8.
1321 108 1404 150 397

39 219 44 227 “
67 215 223 258 stotelia
246 214 457 267 piymenta
481 214 746 266 consumpsit;
779 227 894 266 quem
925 216 968 254 tu
992 212 1200 268 Corcyrae,
1229 218 1276 256 ut
1304 216 1408 257 mihi

68 274 164 315 aliis
195 273 338 314 litteris
367 273 591 326 siyrii'ficas,
627 272 799 313 strictim
830 272 1019 325 attiyisti,
1049 275 1146 324 post
1174 276 1324 326 autem,
1361 278 1409 315 ut

68 331 261 383 arbitror,
299 344 325 371 a
357 330 540 372 Cossinio
577 331 782 383 accepisti;
823 344 940 383 quem
970 330 1043 371 tibi
1073 344 1140 384 eyo
1171 345 1253 373 non
1284 345 1406 374 essem

67 403 192 432 ausus
223 390 394 439 mittere,
430 390 514 431 nisi
549 402 640 431 eum
671 389 771 430 lente
801 402 849 430 ac
883 389 1093 441 fastidiose
1114 390 1405 444 probavissem,

32 460 49 488 5
67 461 314 502 quamquam
357 449 413 489 ad
453 461 514 489 me
555 448 717 500 scripsit
757 448 843 488 iam
882 447 1025 489 Rhodo
1067 447 1313 491 Posidonius
1354 463 1406 500 se,

67 510 250 549 nostrum
280 507 387 548 illud
416 502 654 560 ὑπόμνημα
686 520 774 547 677777
807 507 954 559 Zeycret,
988 508 1095 559 quod
1122 521 1189 561 eyo
1220 509 1276 550 ad
1304 522 1405 559 eum,

66 569 114 607 ut
142 566 327 607 ornatius
358 566 404 607 de
434 565 558 607 isdem
584 565 700 606 rebus
723 565 919 618 scriberet,
950 566 1154 620 miseram,
1183 580 1266 608 77077
1290 568 1406 609 modo

65 637 149 666 77077
175 625 397 666 excitatum
427 637 508 665 6336
537 624 593 665 ad
620 624 890 674 scribendum,
921 624 990 665 sed
1018 625 1139 666 etiam
1162 626 1290 678 plane
1316 640 1406 679 per-

69 683 264 724 territum.
292 707 343 711 —
371 706 419 711 -—
452 683 526 732 Tu,
557 683 594 724 si
624 683 696 723 tibi
719 683 924 735 placuerit
954 683 1063 733 liber,
1094 685 1266 734 curabis,
1296 688 1343 726 ut
1371 688 1408 726 et

16 753 48 780 10
67 741 242 783 Athenis
272 743 327 783 sit
355 745 393 782 et
421 742 466 782 in
497 742 633 782 ceteris
663 741 822 794 oppidis
854 741 1069 791 Graeciae‚·
1107 744 1264 784 videtur
1298 744 1407 785 enim

60 814 182 854 posse
212 800 373 853 aliquid
401 801 551 841 nostris
579 800 696 841 rebus
728 800 827 842 lucis
857 800 1026 852 adferre.

159 872 199 912 4.
226 870 305 913 Cic.
330 871 430 922 fam.
456 871 487 912 I
508 875 545 912 9.
570 873 628 913 23
653 870 809 923 Scripsi
832 872 953 911 etiam
978 872 1155 913 versibus
1181 873 1256 915 tris
1287 874 1408 916 libros

67 931 115 972 de
150 930 393 983 temporibus
430 931 546 980 meis,
589 943 686 982 quos
722 931 808 970 iam
837 931 1000 983 pridem
1037 931 1094 972 ad
1128 934 1163 972 te
1197 932 1407 986 misissem,

67 990 104 1031 si
134 1001 216 1031 esse
247 989 414 1030 edendos
436 992 648 1042 putassem
674 991 788 1037 (sunt
816 989 924 1029 enim
955 992 1067 1030 testes
1096 993 1133 1031 et
1161 994 1281 1032 erunt
1308 1004 1407 1033 sem-

15 1059 48 1085 15
60 1048 217 1101 piterni
242 1049 477 1089 meritorum
503 1061 597 1101 crya
624 1061 686 1089 7776
717 1050 878 1088 tuorum
908 1061 1093 1100 meaeque
1116 1049 1310 1101 pictatis),
1341 1051 1410 1092 sed

67 1107 167 1160 quia
191 1106 354 1148 verebar
377 1120 459 1147 non
484 1120 557 1158 603,
588 1107 659 1158 qui
689 1119 728 1147 36
760 1106 885 1147 laesos
915 1106 1216 1148 arbitrarentur
1245 1108 1408 1161 (etenim

66 1166 112 1207 id
132 1165 210 1217 feci
232 1178 352 1217 parco
377 1168 414 1206 et
437 1165 642 1218 molliter),
667 1165 737 1205 scd
759 1178 832 1218 603,
858 1178 956 1217 quos
980 1168 1069 1206 erat
1085 1166 1297 1219 infinitum
1317 1168 1409 1209 bene

67 1225 114 1266 de
127 1237 189 1265 7776
201 1224 363 1265 meritos
377 1224 509 1265 omnis
522 1224 736 1265 nominare
750 1256 757 1264 .
775 1256 782 1264 .
798 1237 827 1272 .;
848 1237 946 1275 quos
959 1227 1093 1265 tamen
1106 1225 1213 1277 ipsos
1227 1226 1359 1279 libros,
1372 1228 1410 1268 si

67 1297 196 1336 quem,
211 1283 276 1325 cui
285 1285 385 1324 recte
395 1283 653 1336 committam,
668 1283 865 1335 invenero,
878 1283 1024 1324 curabo
1034 1283 1091 1324 ad
1099 1286 1134 1324 te
1138 1285 1409 1337 perferendos.

33 1365 50 1390 o
158 1352 197 1395 5.
230 1352 310 1395 Cic.
339 1353 382 1404 Q.
412 1354 465 1405 fr.
491 1353 551 1393 H
570 1356 634 1394 13.
660 1355 689 1394 2
718 1353 756 1393 T
756 1367 778 1393 u
811 1352 952 1394 scribis
974 1357 1121 1406 poema
1152 1355 1202 1396 ab
1227 1369 1269 1396 60
1293 1355 1409 1409 (Cac-

66 1412 177 1465 sarc)
208 1415 390 1453 nostrum
414 1412 596 1464 probari.

158 1471 196 1512 G.
229 1470 308 1512 Cic.
343 1471 387 1522 Q.
416 1472 469 1522 fr.
502 1471 560 1511 H
579 1472 641 1512 15.
674 1472 699 1511 5
730 1470 811 1512 Sed
838 1470 934 1512 licus
966 1472 1033 1512 tu!
1063 1472 1188 1513 celari
1216 1474 1352 1514 videor
1382 1488 1409 1514 a

68 1532 114 1571 te.
160 1529 475 1581 Quomodonam,
506 1530 566 1570 mi
593 1530 734 1582 frater,
766 1530 812 1570 de
841 1530 992 1571 nostris
1020 1532 1199 1573 versibus
1227 1531 1408 1574 Caesar?

67 1602 167 1630 nam
181 1589 367 1641 primum
387 1589 535 1629 librum
554 1601 594 1630 se
614 1588 749 1641 Zeyisse
767 1589 930 1641 scripsit
946 1590 1002 1630 ad
1018 1603 1080 1630 7776
1098 1593 1201 1641 anie,
1220 1594 1257 1632 et
1265 1592 1410 1644 prima

33 1659 49 1686 5
67 1648 136 1701 sic,
161 1651 207 1688 ut
230 1651 343 1700 neyet
366 1661 406 1689 36
430 1661 480 1688 776
506 1647 664 1689 Graeca
688 1647 849 1699 quidem
874 1648 1043 1689 meliora
1069 1649 1226 1702 leyissoe
1252 1650 1409 1703 reliqua

67 1707 124 1747 ad
151 1707 352 1759 quendam
384 1707 512 1747 locum
544 1703 846 1761 ῥαθυμότερα;
885 1704 956 1748 hoc
986 1708 1094 1748 enim
1123 1709 1256 1749 utitur
1284 1710 1409 1751 verbo.

67 1764 151 1806 Dic
180 1765 283 1806 milii
313 1779 473 1814 ν67·7ι777;
512 1779 612 1805 num
650 1767 724 1805 aut
758 1778 822 1806 res
852 1779 943 1806 eum
973 1769 1047 1807 aut
1076 1764 1296 1822 χαρακτὴρ
1329 1782 1411 1810 non

67 1824 262 1865 delectat?
307 1824 426 1865 Mizu
451 1828 517 1874 est,
549 1824 656 1876 quod
683 1837 863 1873 i·ereare‚·
895 1838 962 1878 690
993 1826 1102 1866 6777777
1131 1839 1181 1867 776
1203 1827 1294 1879 pilo
1325 1828 1410 1880 qui-

68 1883 156 1924 dem
186 1883 325 1924 minus
356 1897 418 1924 7776
448 1883 603 1924 anzabo.

33 1966 50 1991 o
159 1954 196 1995 7.
222 1952 353 1995 8747οΖ.
378 1953 481 1996 Bob.
513 1954 559 1994 in
589 1956 689 1994 orat.
714 1967 793 2006 pro
818 1953 962 1996 Planc.
990 1958 1055 1996 30.
1084 1959 1139 1997 74
1166 1970 1207 2009 p.
1234 1958 1333 1998 267.
1359 1960 1411 1998 19

67 2011 133 2053 De
169 2012 383 2054 consulatu
419 2025 492 2054 suo
529 2011 707 2066 (Cicero)
743 2013 906 2066 scripsit
933 2014 1088 2066 poetico
1124 2018 1267 2068 metro,
1310 2029 1413 2068 quae

68 2070 172 2112 milii
201 2072 389 2113 videntur
421 2085 541 2124 opera
572 2072 709 2112 minus
739 2072 865 2125 digna
896 2073 992 2114 talis
1022 2074 1103 2114 viri
1132 2074 1306 2115 nomine.

159 2136 196 2178 8.
227 2135 341 2177 Plut.
367 2135 501 2178 Crass.
528 2139 580 2176 13
605 2132 677 2177 Ἐν
709 2136 768 2193 τῷ
800 2135 917 2192 περὶ
949 2133 1195 2187 ὑπατείας
1227 2134 1250 2180 ὁ
1283 2137 1412 2180 Κικέ-

69 2215 161 2254 ρων
193 2197 366 2255 νύκτωρ
393 2199 502 2254 φησὶ
527 2198 606 2242 τὸν
633 2199 846 2257 Κράσσον
873 2199 1114 2256 ἀφικέσθαι
1140 2199 1249 2258 πρὸς
1275 2199 1412 2246 αὑτὸν

33 2279 50 2306 5
70 2261 305 2318 ἐπιστολὴν
336 2267 569 2319 κομίζοντα
606 2261 660 2306 τὰ
690 2263 788 2320 περὶ
819 2267 899 2307 τοῦ
931 2268 1149 2308 Κατιλίνα
1182 2266 1411 2322 ἐξηγουμέ-

68 2344 154 2383 νην
186 2325 245 2378 ὡς
276 2325 361 2383 ἤδη
394 2330 662 2384 βεβαιοῦντα
692 2327 774 2384 τὴν
807 2333 1102 2386 συνωμοσίαν.
