1673 2505
392 83 690 119 FRAGMENTA
715 83 936 119 INCERTA.
964 85 989 119 Ι.
1019 89 1144 120 1-15.
1349 88 1434 128 407

98 193 355 246 hominibus,
385 191 530 243 inquit,
562 191 616 232 ab
642 191 709 232 his
736 194 810 232 aut
836 191 983 232 datum
1012 193 1078 232 est
1108 191 1265 233 donum
1298 193 1434 234 maius

98 255 173 295 aut
203 251 345 306 potuit
376 250 512 291 ullum
545 250 648 291 dari.
683 274 735 278 —
767 249 828 301 Cf.
860 250 987 291 Acad.
1020 249 1052 290 Ι
1076 252 1118 292 2.
1150 254 1248 291 7eoe.

189 310 252 352 10.
283 310 453 362 Auqust.
492 310 561 350 civ.
598 309 635 350 ol.
674 308 714 349 V
736 311 794 350 26
813 322 872 350 ex.
904 308 1018 349 Nam
1054 309 1091 349 si
1124 321 1205 349 non
1238 310 1293 350 ad
1323 309 1436 350 liber-

98 372 218 410 tatem
241 382 337 409 vera
361 368 529 417 dicendi,
558 367 628 409 scd
651 367 706 408 acl
730 367 933 408 licentiam
957 367 1063 408 male
1093 368 1251 408 dicendi
1283 371 1436 420 tempus

61 440 78 465 5
97 430 314 480 expectant,
344 426 460 480 absit,
489 429 537 466 ut
564 426 622 466 cis
651 426 817 479 eveniat,
847 427 954 478 quod
982 427 1044 466 ait
1075 426 1236 467 Tullius
1266 427 1313 468 de
1342 440 1435 479 quo-

96 487 208 536 dam,
244 486 315 538 qui
344 484 539 537 peccandi
576 484 737 524 licentia
771 484 872 536 felix
903 484 1207 536 appellabatur:
1246 483 1280 525 O
1313 484 1435 526 mise-

96 559 208 598 rum,
248 543 315 585 cui
345 557 521 597 peecare
552 542 729 583 licebat!
764 566 811 572 —
848 543 1051 584 Martian.
1084 542 1182 596 Cap.
1222 542 1262 584 V
1285 546 1368 584 517
1390 557 1435 597 p.

95 605 191 645 475.
222 606 273 644 11
303 602 446 643 Halm.
483 602 667 654 quamvis
698 600 833 642 Cicero
870 625 916 629 -—
958 601 1106 642 heroici
1142 615 1278 643 versus
1314 603 1436 654 finem

95 662 157 703 vel
179 662 346 703 initium
370 673 453 701 non
478 660 653 713 declinet,
682 673 773 701 cum
797 661 914 701 dicit:
947 659 981 700 O
1009 660 1224 714 miserum,
1250 660 1317 702 cui
1342 675 1435 715 pec-

45 731 78 756 10
98 734 193 762 care
234 719 406 761 licebat!
447 742 500 746 —
537 718 750 760 Ammian.
787 719 921 760 Marc.
959 718 1124 760 XXVI
1154 723 1218 760 10.
1255 722 1313 761 12
1349 720 1434 760 Im-

88 781 256 833 perator
284 778 516 830 promptior
545 777 602 818 ad
635 778 856 819 nocendum
887 777 1199 819 criminantibus
1222 781 1370 830 patens
1399 782 1438 820 ct

93 838 282 890 funereas
300 837 517 878 delationes
541 836 764 877 adsciscens
780 849 857 889 per
877 836 1168 888 suppliciorum
1188 837 1437 879 diversitates

96 896 332 947 effrenatius
367 895 563 936 exultavit
600 895 817 936 sententiae
858 895 973 936 illius
1012 895 1230 936 Tullianae
1265 896 1437 949 ignarus

95 955 269 996 docentis
303 954 482 1006 infelices
517 966 598 995 esse
632 967 714 1005 eos,
757 955 827 1006 qui
863 955 1002 994 omnia
1037 954 1115 995 sibi
1152 954 1267 995 licere
1302 955 1434 997 existi-

44 1024 77 1049 15
98 1017 276 1054 manunt.

189 1074 252 1113 11.
284 1071 457 1124 Auyust.
488 1084 545 1124 ep.
571 1073 664 1112 143.
689 1074 719 1113 2
747 1071 793 1111 Τ.
824 1071 885 1112 II
903 1085 946 1123 p.
971 1073 1056 1112 352
1074 1070 1117 1112 A
1135 1084 1192 1123 sq.
1223 1072 1280 1113 ed.
1311 1072 1435 1115 Antv.

95 1134 208 1172 1700
238 1129 418 1172 Romani
448 1130 655 1170 maximus
684 1133 825 1170 auctor
857 1129 1018 1171 Tullius
1048 1129 1217 1181 eloquii:
1256 1129 1437 1172 Nullum

95 1203 300 1243 umquam
337 1187 535 1241 verbum,
578 1189 713 1240 inquit
753 1189 800 1229 de
841 1188 1037 1241 quodam,
1081 1188 1194 1242 quod
1236 1203 1437 1230 revocare

96 1247 246 1300 vellet,
278 1247 432 1288 emisit.

43 1317 76 1341 2>
188 1307 253 1347 12.
291 1305 403 1347 Ptin.
438 1308 523 1346 nat.
560 1304 651 1346 hist.
689 1304 856 1346 XXIX
888 1308 946 1347 92
983 1305 1065 1347 Est
1100 1308 1137 1346 et
1169 1305 1437 1357 formicarum

92 1378 219 1418 yenus
249 1368 499 1414 venenatum,
529 1378 612 1405 non
640 1364 723 1416 fere
752 1365 799 1405 in
828 1364 980 1412 Italia;
1014 1363 1267 1419 ‘solipugas’
1301 1364 1436 1407 Cicero

97 1424 285 1476 appellat.

188 1483 252 1524 13.
272 1482 386 1524 Plin.
411 1485 494 1523 nat.
519 1482 610 1523 hist.
630 1481 769 1522 XXX
780 1484 862 1522 146
874 1495 932 1522 esc.
951 1481 1013 1522 M.
1034 1480 1170 1523 Cicero
1197 1482 1324 1523 tradit
1347 1483 1436 1523 ani-

97 1541 228 1582 malia
265 1540 452 1582 ‘biuros’
490 1541 642 1592 vocari,
681 1541 752 1592 qui
787 1541 882 1581 vitis
919 1541 964 1580 in
996 1539 1226 1592 Campania
1256 1541 1434 1582 erodant.

44 1609 78 1635 25
189 1600 254 1641 14.
291 1599 397 1642 Suet.
433 1599 531 1640 rltet.
562 1603 588 1641 1
620 1598 755 1640 Cicero
792 1599 849 1640 ad
875 1601 1118 1652 praeturam
1153 1612 1278 1651 usque
1313 1601 1435 1640 etiam

98 1658 250 1700 Graece
273 1659 556 1711 declamitavit,
583 1658 729 1699 Latine
751 1671 841 1698 vero
866 1658 998 1698 senior
1022 1671 1185 1711 quoque,
1216 1661 1253 1698 et
1276 1659 1433 1710 quidem

96 1731 188 1759 cum
225 1718 454 1759 consulibus
490 1716 632 1758 Hirtio
668 1720 706 1757 et
740 1716 899 1766 Pansa,
942 1729 1040 1769 quos
1085 1715 1359 1771 ‘discipulos’
1401 1721 1438 1758 et

97 1775 287 1831 ‘grandis
318 1774 629 1831 praetextato&
665 1776 839 1817 vocabat.
875 1799 924 1804 —
959 1774 1050 1816 Sen.
1089 1778 1210 1816 contr.
1241 1776 1378 1828 praef.
1409 1776 1437 1817 Ι

96 1839 147 1876 11
178 1835 379 1888 Alioquin
409 1836 455 1876 in
485 1835 556 1876 illo
587 1834 745 1888 atriolo,
775 1835 821 1875 in
851 1847 927 1887 quo
958 1835 1058 1875 duos
1090 1833 1289 1889 ‘grandes
1315 1849 1436 1889 prae-

42 1904 75 1929 30
96 1893 302 1935 textatos'
334 1895 396 1934 ait
423 1907 555 1936 secum
585 1893 819 1945 declamare,
847 1893 966 1945 potui
996 1893 1142 1934 adesse.
1172 1916 1229 1922 —
1260 1892 1323 1946 Cf.
1355 1892 1435 1935 Cic.

93 1952 194 2005 fam.
225 1952 303 1994 IX
329 1957 394 1994 16.
428 1955 466 2006 7,
499 1952 667 2004 Quintil.
698 1951 804 1993 XII
829 1955 892 1993 11.
925 1955 962 1992 6.

186 2011 253 2053 15.
283 2011 421 2053 Amm.
453 2011 586 2052 Marc.
618 2010 756 2052 XXX
782 2013 821 2052 4.
854 2014 881 2052 7
911 2009 1010 2052 Post
1038 2024 1136 2064 quos
1166 2011 1435 2064 eloquentissi-

95 2083 188 2112 mus
212 2071 394 2111 omnium
414 2069 549 2112 Cicero
575 2070 770 2111 orationis
794 2070 1033 2122 imperiosae
1055 2069 1297 2122 fluminibus
1319 2083 1437 2124 saepe

95 2129 296 2180 depressos
320 2129 478 2182 aliquos
502 2129 748 2169 iudiciorum
774 2129 947 2180 eripiens
970 2128 1152 2180 flammis
1175 2142 1259 2170 non
1276 2129 1436 2181 defendi

41 2197 76 2223 3⁵
95 2186 276 2230 homines
303 2188 391 2230 sine
419 2187 712 2240 vituperatione
738 2186 911 2239 fortasse
932 2200 1068 2241 posse,
1097 2187 1342 2241 neyleyenter
1372 2189 1435 2230 de-

92 2245 208 2298 fendi
244 2247 330 2288 sine
364 2247 505 2289 scelere
539 2259 621 2288 non
647 2259 763 2299 posse
797 2245 1001 2299 firmabat.
1032 2270 1089 2274 —
1121 2245 1183 2298 Cf.
1214 2247 1291 2288 div.
1324 2246 1436 2290 Caco.
