1673 2505
227 39 252 79 2
259 39 279 79 7
286 40 311 79 2
743 39 1044 75 FRAGMENTA

224 147 296 199 qui
331 146 518 188 Servium
554 147 752 189 Fulvium
790 148 928 188 incesti
963 161 1078 189 reum
1114 147 1307 200 defendit,
1350 150 1388 189 et
1422 148 1488 189 liic
1526 147 1568 190 C.

227 204 351 246 Curio
376 209 512 260 pater,
549 207 619 258 qui
650 205 698 247 P.
731 204 876 247 Clodio
906 206 1060 258 adfuit,
1096 209 1133 247 et
1169 207 1308 247 tertius
1344 206 1413 248 ille
1443 206 1568 248 Curio

227 264 484 317 tribunicius,
522 265 592 316 qui
623 264 720 305 bello
751 264 861 305 civili
891 263 1140 316 Pompeiano
1169 265 1216 305 in
1245 265 1397 316 Africa
1419 265 1568 317 periit,·

223 323 297 374 vqui
327 336 417 363 cum
448 326 546 364 esset
567 323 757 374 partium
791 321 990 376 Caesaris,
1021 335 1231 374 oppressus
1263 326 1320 364 est
1349 323 1399 364 ab
1430 323 1569 376 equiti-

225 381 298 421 bus
328 381 457 421 Iubae
487 382 602 433 reyis.
646 380 728 422 Sed
755 380 946 422 hactenus
976 381 1023 421 de
1049 379 1293 422 Curionibus
1323 382 1475 422 dictum
1505 382 1567 423 sit.
1605 395 1622 420 5

226 439 411 480 BIultum
457 440 603 491 diuque
645 439 793 480 habitis
835 439 1193 480 concertationibus
1235 443 1329 480 ante
1370 441 1570 481 iudicium

227 497 274 538 P.
308 496 480 538 Clodius
509 511 536 538 a
568 497 797 538 turbulenta
826 497 1102 551 multitudine,
1139 511 1188 539 ne
1218 511 1384 539 causam
1415 499 1569 549 diceret,

226 569 308 596 non
339 556 427 596 sine
457 556 609 608 impetu
639 556 847 597 seditionis
871 557 1037 597 adiutus
1067 559 1125 597 est
1148 559 1309 598 auctore
1332 557 1454 598 huius
1478 570 1570 598 con-

225 614 465 667 spirationis
498 614 542 666 Q.
567 614 691 666 Fufio
718 613 865 656 Caleno
897 615 1058 656 tribuno
1082 615 1154 667 pl„
1185 615 1299 656 cuius
1328 616 1570 657 mentionem

226 672 509 714 creberrimam
542 673 704 714 Tullius
733 674 779 714 in
809 673 1054 726 Philippicis
1084 674 1335 715 orationibus
1362 674 1476 726 facit,
1508 674 1569 716 ob·
1591 687 1623 712 10

226 734 357 772 stante
386 745 476 773 vero
505 745 637 784 paen-e
672 732 858 773 universo
894 735 1036 773 senatu
1059 746 1139 784 pro
1176 733 1447 774 sanctimonia
1476 733 1568 774 reli-

222 790 391 843 gionum
428 791 619 832 adversus
655 791 806 832 crimen
842 791 995 832 incesti.
1056 791 1217 832 [inlices
1250 794 1388 832 tamen
1418 792 1475 833 ad
1502 805 1569 833 ex-

227 851 399 889 tremum
418 849 505 890 dati
522 852 628 890 sunt.
667 849 729 890 Et
737 850 877 902 primo
895 850 1056 902 quidem
1080 850 1131 890 ab
1155 853 1297 891 senatu
1316 850 1570 904 praesidium

220 908 469 961 petiverunt,
506 911 552 948 ut
587 909 634 949 de
671 906 836 962 Clodio,
866 908 1145 961 potentissimo
1181 907 1361 962 homine,
1405 909 1570 951 liberius

225 966 496 1015 iudicaretur;
528 979 667 1007 verum
698 967 758 1008 ita
781 980 846 1008 res
871 967 1018 1021 cecidit,
1048 970 1095 1008 ut
1118 967 1164 1007 in
1191 980 1282 1007 eum
1306 967 1427 1008 multi
1446 981 1570 1020 yrave
1591 979 1622 1005 15

227 1025 500 1066 testimonium
530 1026 715 1078 dicerent,
745 1039 918 1078 quorum
948 1027 993 1066 in
1017 1038 1184 1066 numero
1209 1026 1272 1066 M.
1298 1027 1382 1078 ipse
1409 1026 1571 1067 Tullius

226 1083 497 1137 interrogatus
534 1084 596 1124 ait
630 1085 686 1125 ad
720 1097 760 1125 se
795 1084 1019 1125 salutatum
1056 1085 1209 1125 venisse
1245 1085 1337 1136 ipsa
1373 1085 1437 1125 die
1476 1083 1569 1126 Clo-

226 1142 356 1192 dium,
394 1156 475 1194 qua
505 1155 545 1183 se
575 1142 643 1183 ille
673 1144 929 1184 contenderat
957 1143 1221 1184 Interamnae
1248 1143 1375 1194 fuisse
1404 1143 1570 1184 milibus

219 1213 421 1253 passuum
444 1201 571 1252 ferme
595 1201 815 1242 LXXXX
837 1201 887 1242 ab
911 1202 1008 1242 urbe
1032 1202 1289 1252 disiunctum,
1320 1215 1397 1254 quo
1421 1202 1571 1243 scilicet

226 1259 355 1300 videri
385 1259 539 1300 volebat
567 1260 707 1300 incesti
732 1259 888 1301 Romae
918 1261 1190 1301 committendi
1218 1260 1455 1311 facultatem
1485 1273 1569 1302 non
1588 1272 1620 1297 20

226 1317 422 1359 babuisse.
489 1318 549 1358 Et
576 1321 672 1370 post
706 1318 802 1359 liaec
843 1319 894 1359 ab
937 1319 1137 1360 iudicibus
1174 1318 1330 1371 XXV,
1349 1319 1569 1361 damnatus

226 1379 303 1425 est‚·
339 1376 577 1428 praevaluit
619 1380 753 1417 tamen
795 1378 851 1418 ad
891 1377 977 1418 eius
1013 1378 1225 1418 victoriam
1261 1378 1395 1418 maior
1431 1391 1569 1419 eorum

225 1447 437 1488 numerus,
480 1435 551 1487 qui
593 1435 867 1484 absolverunt,-
911 1449 1010 1476 nam
1047 1435 1186 1476 XXX
1220 1439 1256 1476 et
1293 1449 1380 1477 una
1408 1450 1488 1489 pro
1525 1450 1567 1478 eo

225 1493 444 1534 sententiae
482 1494 588 1534 latae
624 1497 729 1535 sunt.
790 1494 893 1535 Inde
924 1495 1052 1547 iyitur
1082 1495 1272 1547 capitalis
1301 1495 1493 1536 inimicus
1522 1496 1568 1537 in

225 1552 288 1593 M.
330 1552 513 1593 Tullium
550 1553 673 1605 coepit
715 1552 852 1603 efferri
894 1556 946 1603 et,
989 1566 1079 1594 cum
1122 1553 1193 1594 illo
1235 1567 1343 1594 anno
1375 1557 1568 1606 potestate
1587 1565 1619 1591 25

226 1611 457 1663 quaestoria
497 1610 749 1664 funyeretur,
798 1613 911 1664 apud
944 1612 1143 1664 populum
1186 1612 1435 1653 creberrimis
1477 1626 1566 1654 eum

225 1669 477 1711 contionibus
508 1670 737 1719 lacessebat;
769 1671 906 1712 minas
935 1671 1037 1722 quin
1067 1671 1191 1712 immo
1215 1672 1483 1723 praetendens
1513 1673 1570 1713 ad

224 1728 434 1780 familiam
464 1742 504 1770 se
526 1729 728 1781 plebeiam
759 1730 1043 1782 transiturum,
1073 1732 1121 1770 ut
1150 1729 1336 1770 tribunus
1353 1730 1412 1782 pl.
1443 1731 1566 1783 fieret,

227 1788 500 1828 deinmtiabat.
572 1787 724 1839 Quibus
765 1788 1056 1829 minacissimis
1097 1788 1212 1829 illius
1256 1788 1415 1829 vocibus
1456 1788 1566 1830 velie-

226 1849 378 1887 menter
409 1850 445 1887 et
474 1847 670 1888 acerrimo
700 1847 851 1899 spiritu
880 1846 955 1888 liac
985 1847 1166 1888 oratione
1197 1845 1331 1888 Cicero
1363 1848 1570 1900 respondit
1586 1837 1642 1890 301

227 1904 257 1956 ’ἷ-
288 1906 479 1958 duorum,
513 1908 596 1946 tam
626 1906 758 1958 ipsius
787 1919 912 1957 quam
945 1904 1144 1947 Curionis.

320 1964 454 2004 1—4.
486 1961 743 2017 Sfflhuemm,
774 1963 820 2005 P.
855 1963 911 2017 O„
945 1963 1084 2018 quoad
1116 1978 1212 2005 reus
1246 1966 1359 2004 esset
1389 1962 1435 2005 P.
1472 1963 1567 2006 Clo-

227 2021 332 2075 dius,
363 2022 472 2062 nihil
506 2021 555 2063 de
587 2022 663 2063 illo
695 2037 832 2076 neque
865 2023 977 2077 apud
1008 2036 1084 2064 vos
1115 2037 1251 2076 neque
1284 2023 1369 2063 alio
1402 2023 1491 2064 ullo
1523 2023 1567 2064 in

225 2079 320 2121 loco
365 2080 514 2122 dicere.
590 2082 769 2123 Tametsi
811 2081 984 2134 capitale
1025 2080 1127 2122 milii
1169 2082 1306 2122 odium
1349 2082 1475 2123 minis
1518 2096 1566 2123 ac

173 2185 178 2189 ¹
224 2137 399 2179 furiosis
434 2139 704 2181 contionibus
736 2139 960 2193 indixere&
993 2139 1105 2193 quod
1137 2139 1265 2180 simul
1298 2139 1351 2181 ab
1385 2154 1433 2181 eo
1460 2140 1566 2181 mihi
1585 2149 1617 2176 35

225 2199 267 2237 et
298 2197 359 2238 rei
390 2198 588 2252 publicae
622 2198 973 2252 denuntiabatur,
1014 2201 1149 2239 tamen
1185 2212 1309 2251 nequo
1339 2199 1427 2240 dixi
1458 2200 1566 2251 quic-

223 2269 346 2307 quam
375 2270 456 2309 pro
496 2258 737 2310 testimonio,
779 2258 864 2299 nisi
900 2257 1006 2310 quod
1041 2260 1128 2298 erat
1170 2257 1230 2298 ita
1272 2259 1412 2298 notum
1449 2260 1567 2310 atque
