<?xml version="1.0" encoding="UTF-8"?>
<!DOCTYPE html PUBLIC "-//W3C//DTD XHTML 1.0 Transitional//EN"
    "http://www.w3.org/TR/xhtml1/DTD/xhtml1-transitional.dtd">
<html xmlns="http://www.w3.org/1999/xhtml" xml:lang="en" lang="en">
 <head>
  <title>
</title>
<meta http-equiv="Content-Type" content="text/html;charset=utf-8" />
  <meta name='ocr-system' content='tesseract 3.04.00' />
  <meta name='ocr-capabilities' content='ocr_page ocr_carea ocr_par ocr_line ocrx_word'/>
</head>
<body>
  <div class='ocr_page' id='page_1' title='image "./p3scriptaquaemanse04ciceuoft_0031.png"; bbox 0 0 1611 2495; ppageno 0'>
   <div class='ocr_carea' id='block_1_1' title="bbox 524 72 1447 109">
    <p class='ocr_par' dir='ltr' id='par_1_1' title="bbox 524 72 1447 109">
     <span class='ocr_line' id='line_1_1' title="bbox 524 72 1447 109; baseline 0 -2"><span class='ocrx_word' id='word_1_1' title='bbox 524 72 804 108; x_wconf 88' lang='lat' dir='ltr'>ADNOTATIO</span> <span class='ocrx_word' id='word_1_2' title='bbox 832 72 1031 109; x_wconf 82' lang='lat' dir='ltr'>CRITICA.</span> <span class='ocrx_word' id='word_1_3' title='bbox 1346 73 1447 108; x_wconf 88' lang='lat' dir='ltr'>XXV</span> 
     </span>
    </p>
   </div>
   <div class='ocr_carea' id='block_1_2' title="bbox 104 178 1490 1821">
    <p class='ocr_par' dir='ltr' id='par_1_2' title="bbox 104 178 1490 1821">
     <span class='ocr_line' id='line_1_2' title="bbox 109 178 1446 225; baseline -0.001 -12"><span class='ocrx_word' id='word_1_4' title='bbox 109 200 152 205; x_wconf 97' lang='lat'><strong>—</strong></span> <span class='ocrx_word' id='word_1_5' title='bbox 184 178 224 214; x_wconf 92' lang='lat' dir='ltr'>P.</span> <span class='ocrx_word' id='word_1_6' title='bbox 260 183 336 214; x_wconf 83' lang='lat'>172.</span> <span class='ocrx_word' id='word_1_7' title='bbox 368 183 390 214; x_wconf 89' lang='lat'>6</span> <span class='ocrx_word' id='word_1_8' title='bbox 420 180 732 224; x_wconf 58' lang='lat' dir='ltr'>reczfflrandlsque</span> <span class='ocrx_word' id='word_1_9' title='bbox 764 180 930 225; x_wconf 81' lang='lat' dir='ltr'>(propter</span> <span class='ocrx_word' id='word_1_10' title='bbox 965 180 1115 221; x_wconf 83' lang='lat' dir='ltr'>dandis;</span> <span class='ocrx_word' id='word_1_11' title='bbox 1154 179 1199 214; x_wconf 89' lang='lat' dir='ltr'>ad</span> <span class='ocrx_word' id='word_1_12' title='bbox 1232 191 1266 224; x_wconf 89' lang='lat' dir='ltr'>p.</span> <span class='ocrx_word' id='word_1_13' title='bbox 1304 184 1378 214; x_wconf 87' lang='grc'>169.</span> <span class='ocrx_word' id='word_1_14' title='bbox 1413 183 1446 217; x_wconf 82' lang='grc'>2)</span> 
     </span>
     <span class='ocr_line' id='line_1_3' title="bbox 107 225 1448 271; baseline -0.001 -10"><span class='ocrx_word' id='word_1_15' title='bbox 107 227 243 261; x_wconf 82' lang='lat' dir='ltr'>meritis</span> <span class='ocrx_word' id='word_1_16' title='bbox 267 237 335 271; x_wconf 79' lang='lat' dir='ltr'>quo</span> <span class='ocrx_word' id='word_1_17' title='bbox 361 228 410 271; x_wconf 90' lang='lat' dir='ltr'>(p.</span> <span class='ocrx_word' id='word_1_18' title='bbox 433 230 510 262; x_wconf 87' lang='lat'>181.</span> <span class='ocrx_word' id='word_1_19' title='bbox 534 229 589 269; x_wconf 89' lang='grc'>19)</span> <span class='ocrx_word' id='word_1_20' title='bbox 614 228 696 271; x_wconf 75' lang='lat' dir='ltr'>quis</span> <span class='ocrx_word' id='word_1_21' title='bbox 715 227 822 271; x_wconf 79' lang='lat' dir='ltr'>(quod</span> <span class='ocrx_word' id='word_1_22' title='bbox 846 227 927 271; x_wconf 78' lang='lat' dir='ltr'>quis</span> <span class='ocrx_word' id='word_1_23' title='bbox 944 225 1098 269; x_wconf 88' lang='lat' dir='ltr'>Lahm.),</span> <span class='ocrx_word' id='word_1_24' title='bbox 1124 238 1158 260; x_wconf 87' lang='lat' dir='ltr'>v.</span> <span class='ocrx_word' id='word_1_25' title='bbox 1182 230 1222 260; x_wconf 91' lang='lat'>11</span> <span class='ocrx_word' id='word_1_26' title='bbox 1249 230 1282 261; x_wconf 81' lang='lat' dir='ltr'>et</span> <span class='ocrx_word' id='word_1_27' title='bbox 1306 236 1373 270; x_wconf 89' lang='lat' dir='ltr'>pro</span> <span class='ocrx_word' id='word_1_28' title='bbox 1399 231 1448 260; x_wconf 85' lang='lat' dir='ltr'>est</span> 
     </span>
     <span class='ocr_line' id='line_1_4' title="bbox 108 272 1447 318; baseline -0.001 -11"><span class='ocrx_word' id='word_1_29' title='bbox 108 272 211 308; x_wconf 83' lang='lat' dir='ltr'>alter.</span> <span class='ocrx_word' id='word_1_30' title='bbox 234 274 283 318; x_wconf 85' lang='lat' dir='ltr'>(p.</span> <span class='ocrx_word' id='word_1_31' title='bbox 307 277 384 309; x_wconf 87' lang='grc'><strong>166.</strong></span> <span class='ocrx_word' id='word_1_32' title='bbox 404 275 477 317; x_wconf 95' lang='grc'>31),</span> <span class='ocrx_word' id='word_1_33' title='bbox 497 284 531 307; x_wconf 82' lang='lat' dir='ltr'>v,</span> <span class='ocrx_word' id='word_1_34' title='bbox 554 277 596 307; x_wconf 91' lang='lat'>13</span> <span class='ocrx_word' id='word_1_35' title='bbox 616 274 793 308; x_wconf 83' lang='lat' dir='ltr'>uoluntur</span> <span class='ocrx_word' id='word_1_36' title='bbox 812 277 918 313; x_wconf 75' lang='lat' dir='ltr'>(corr.</span> <span class='ocrx_word' id='word_1_37' title='bbox 938 274 1016 317; x_wconf 85' lang='lat' dir='ltr'>eol.)</span> <span class='ocrx_word' id='word_1_38' title='bbox 1037 274 1116 307; x_wconf 92' lang='lat' dir='ltr'>cod.</span> <span class='ocrx_word' id='word_1_39' title='bbox 1133 274 1170 307; x_wconf 90' lang='lat' dir='ltr'>P.</span> <span class='ocrx_word' id='word_1_40' title='bbox 1192 294 1232 298; x_wconf 97' lang='lat'><strong>—</strong></span> <span class='ocrx_word' id='word_1_41' title='bbox 1254 273 1293 306; x_wconf 89' lang='lat' dir='ltr'>P.</span> <span class='ocrx_word' id='word_1_42' title='bbox 1312 277 1387 307; x_wconf 88' lang='grc'>172.</span> <span class='ocrx_word' id='word_1_43' title='bbox 1405 277 1447 307; x_wconf 86' lang='grc'>14</span> 
     </span>
     <span class='ocr_line' id='line_1_5' title="bbox 107 319 1446 365; baseline -0.001 -10"><span class='ocrx_word' id='word_1_44' title='bbox 107 324 158 355; x_wconf 84' lang='lat' dir='ltr'>est</span> <span class='ocrx_word' id='word_1_45' title='bbox 177 330 245 354; x_wconf 89' lang='lat' dir='ltr'>om.</span> <span class='ocrx_word' id='word_1_46' title='bbox 262 319 340 354; x_wconf 88' lang='lat' dir='ltr'>cod.</span> <span class='ocrx_word' id='word_1_47' title='bbox 357 319 387 354; x_wconf 82' lang='lat' dir='ltr'>G</span> <span class='ocrx_word' id='word_1_48' title='bbox 403 321 553 364; x_wconf 81' lang='lat' dir='ltr'>(factum</span> <span class='ocrx_word' id='word_1_49' title='bbox 566 321 624 354; x_wconf 83' lang='lat' dir='ltr'>uel</span> <span class='ocrx_word' id='word_1_50' title='bbox 635 321 782 363; x_wconf 72' lang='lat' dir='ltr'>fictum),</span> <span class='ocrx_word' id='word_1_51' title='bbox 802 320 921 354; x_wconf 85' lang='lat' dir='ltr'>Halm.</span> <span class='ocrx_word' id='word_1_52' title='bbox 938 341 982 345; x_wconf 97' lang='lat'><strong>—</strong></span> <span class='ocrx_word' id='word_1_53' title='bbox 997 321 1035 355; x_wconf 91' lang='lat' dir='ltr'>P.</span> <span class='ocrx_word' id='word_1_54' title='bbox 1054 324 1128 354; x_wconf 96' lang='grc'>172.</span> <span class='ocrx_word' id='word_1_55' title='bbox 1148 324 1189 355; x_wconf 87' lang='grc'>16</span> <span class='ocrx_word' id='word_1_56' title='bbox 1203 324 1446 365; x_wconf 77' lang='lat' dir='ltr'>quaepropter,</span> 
     </span>
     <span class='ocr_line' id='line_1_6' title="bbox 107 366 1446 412; baseline -0.002 -10"><span class='ocrx_word' id='word_1_57' title='bbox 107 379 140 402; x_wconf 87' lang='lat' dir='ltr'>V.</span> <span class='ocrx_word' id='word_1_58' title='bbox 156 370 200 402; x_wconf 82' lang='lat'>26</span> <span class='ocrx_word' id='word_1_59' title='bbox 219 367 301 402; x_wconf 83' lang='lat' dir='ltr'>nati</span> <span class='ocrx_word' id='word_1_60' title='bbox 319 366 380 410; x_wconf 84' lang='lat' dir='ltr'>(ad</span> <span class='ocrx_word' id='word_1_61' title='bbox 400 379 434 411; x_wconf 89' lang='lat' dir='ltr'>p.</span> <span class='ocrx_word' id='word_1_62' title='bbox 453 371 529 401; x_wconf 88' lang='lat'>173.</span> <span class='ocrx_word' id='word_1_63' title='bbox 544 368 592 411; x_wconf 86' lang='lat'>9),</span> <span class='ocrx_word' id='word_1_64' title='bbox 614 378 646 400; x_wconf 92' lang='lat' dir='ltr'>v.</span> <span class='ocrx_word' id='word_1_65' title='bbox 664 370 707 401; x_wconf 90' lang='grc'>28</span> <span class='ocrx_word' id='word_1_66' title='bbox 729 368 878 412; x_wconf 80' lang='lat' dir='ltr'>aliquid,</span> <span class='ocrx_word' id='word_1_67' title='bbox 899 379 933 402; x_wconf 78' lang='lat' dir='ltr'>v,</span> <span class='ocrx_word' id='word_1_68' title='bbox 949 371 992 402; x_wconf 89' lang='lat'>30</span> <span class='ocrx_word' id='word_1_69' title='bbox 1013 368 1168 402; x_wconf 83' lang='lat' dir='ltr'>adliceat</span> <span class='ocrx_word' id='word_1_70' title='bbox 1189 368 1298 410; x_wconf 76' lang='lat' dir='ltr'>(allio.</span> <span class='ocrx_word' id='word_1_71' title='bbox 1314 366 1446 409; x_wconf 81' lang='lat' dir='ltr'>Halm,</span> 
     </span>
     <span class='ocr_line' id='line_1_7' title="bbox 106 412 1446 459; baseline 0 -11"><span class='ocrx_word' id='word_1_72' title='bbox 106 414 246 456; x_wconf 84' lang='lat' dir='ltr'>Lahm.,</span> <span class='ocrx_word' id='word_1_73' title='bbox 272 412 432 456; x_wconf 69' lang='lat' dir='ltr'>Nauck,</span> <span class='ocrx_word' id='word_1_74' title='bbox 459 413 507 448; x_wconf 85' lang='lat' dir='ltr'>ad</span> <span class='ocrx_word' id='word_1_75' title='bbox 531 425 566 459; x_wconf 90' lang='lat' dir='ltr'>p.</span> <span class='ocrx_word' id='word_1_76' title='bbox 590 417 666 449; x_wconf 88' lang='lat'>181.</span> <span class='ocrx_word' id='word_1_77' title='bbox 690 416 758 457; x_wconf 90' lang='lat'>17),</span> <span class='ocrx_word' id='word_1_78' title='bbox 786 426 819 448; x_wconf 81' lang='grc' dir='ltr'>ν.</span> <span class='ocrx_word' id='word_1_79' title='bbox 846 419 888 448; x_wconf 90' lang='grc'>31</span> <span class='ocrx_word' id='word_1_80' title='bbox 916 425 1002 459; x_wconf 81' lang='lat' dir='ltr'>quos</span> <span class='ocrx_word' id='word_1_81' title='bbox 1027 425 1097 448; x_wconf 91' lang='lat' dir='ltr'>om.</span> <span class='ocrx_word' id='word_1_82' title='bbox 1126 414 1186 457; x_wconf 82' lang='lat' dir='ltr'>(ad</span> <span class='ocrx_word' id='word_1_83' title='bbox 1211 426 1246 458; x_wconf 91' lang='lat' dir='ltr'>p.</span> <span class='ocrx_word' id='word_1_84' title='bbox 1276 418 1353 449; x_wconf 88' lang='lat'>167.</span> <span class='ocrx_word' id='word_1_85' title='bbox 1376 415 1446 457; x_wconf 89' lang='grc'>13),</span> 
     </span>
     <span class='ocr_line' id='line_1_8' title="bbox 107 461 1447 506; baseline -0.001 -10"><span class='ocrx_word' id='word_1_86' title='bbox 107 473 141 496; x_wconf 92' lang='lat' dir='ltr'>v.</span> <span class='ocrx_word' id='word_1_87' title='bbox 167 464 211 496; x_wconf 90' lang='lat'>33</span> <span class='ocrx_word' id='word_1_88' title='bbox 237 472 282 495; x_wconf 82' lang='lat' dir='ltr'>m.</span> <span class='ocrx_word' id='word_1_89' title='bbox 309 461 389 495; x_wconf 83' lang='lat' dir='ltr'>cwri</span> <span class='ocrx_word' id='word_1_90' title='bbox 414 461 475 506; x_wconf 84' lang='lat' dir='ltr'>(ad</span> <span class='ocrx_word' id='word_1_91' title='bbox 500 472 536 505; x_wconf 91' lang='lat' dir='ltr'>p.</span> <span class='ocrx_word' id='word_1_92' title='bbox 566 464 642 495; x_wconf 88' lang='lat'>163.</span> <span class='ocrx_word' id='word_1_93' title='bbox 673 464 728 504; x_wconf 85' lang='lat'>17)</span> <span class='ocrx_word' id='word_1_94' title='bbox 756 461 835 496; x_wconf 86' lang='lat' dir='ltr'>cod.</span> <span class='ocrx_word' id='word_1_95' title='bbox 865 463 903 496; x_wconf 98' lang='lat' dir='ltr'>P.</span> <span class='ocrx_word' id='word_1_96' title='bbox 930 482 973 486; x_wconf 90' lang='lat'>—</span> <span class='ocrx_word' id='word_1_97' title='bbox 1001 462 1038 496; x_wconf 89' lang='lat' dir='ltr'>P.</span> <span class='ocrx_word' id='word_1_98' title='bbox 1065 465 1140 496; x_wconf 89' lang='grc'>172.</span> <span class='ocrx_word' id='word_1_99' title='bbox 1162 464 1206 496; x_wconf 97' lang='grc'>35</span> <span class='ocrx_word' id='word_1_100' title='bbox 1226 472 1265 505; x_wconf 77' lang='lat' dir='ltr'>p.</span> <span class='ocrx_word' id='word_1_101' title='bbox 1293 462 1447 496; x_wconf 83' lang='lat' dir='ltr'>cassium</span> 
     </span>
     <span class='ocr_line' id='line_1_9' title="bbox 107 507 1445 553; baseline 0.001 -11"><span class='ocrx_word' id='word_1_102' title='bbox 107 519 190 543; x_wconf 88' lang='lat' dir='ltr'>cum</span> <span class='ocrx_word' id='word_1_103' title='bbox 222 507 353 542; x_wconf 89' lang='lat' dir='ltr'>ceteris</span> <span class='ocrx_word' id='word_1_104' title='bbox 384 508 464 542; x_wconf 84' lang='lat' dir='ltr'>cod.</span> <span class='ocrx_word' id='word_1_105' title='bbox 491 507 535 551; x_wconf 90' lang='lat' dir='ltr'>P,</span> <span class='ocrx_word' id='word_1_106' title='bbox 568 507 634 542; x_wconf 84' lang='lat' dir='ltr'>sed</span> <span class='ocrx_word' id='word_1_107' title='bbox 665 508 839 552; x_wconf 72' lang='lat' dir='ltr'>Spurium</span> <span class='ocrx_word' id='word_1_108' title='bbox 873 509 1052 544; x_wconf 83' lang='lat' dir='ltr'>Maelium</span> <span class='ocrx_word' id='word_1_109' title='bbox 1083 507 1146 551; x_wconf 87' lang='lat' dir='ltr'>(ad</span> <span class='ocrx_word' id='word_1_110' title='bbox 1176 520 1212 553; x_wconf 89' lang='lat' dir='ltr'>p.</span> <span class='ocrx_word' id='word_1_111' title='bbox 1240 511 1294 544; x_wconf 87' lang='grc'>89.</span> <span class='ocrx_word' id='word_1_112' title='bbox 1324 511 1369 551; x_wconf 91' lang='grc'>1).</span> <span class='ocrx_word' id='word_1_113' title='bbox 1403 528 1445 532; x_wconf 92' lang='grc'>-</span> 
     </span>
     <span class='ocr_line' id='line_1_10' title="bbox 107 554 1446 599; baseline -0.001 -10"><span class='ocrx_word' id='word_1_114' title='bbox 107 555 145 589; x_wconf 95' lang='lat' dir='ltr'>P.</span> <span class='ocrx_word' id='word_1_115' title='bbox 175 559 250 590; x_wconf 82' lang='lat'>172.</span> <span class='ocrx_word' id='word_1_116' title='bbox 279 559 321 589; x_wconf 92' lang='grc'>37</span> <span class='ocrx_word' id='word_1_117' title='bbox 348 566 465 599; x_wconf 76' lang='lat' dir='ltr'>pyrro</span> <span class='ocrx_word' id='word_1_118' title='bbox 496 554 576 589; x_wconf 87' lang='lat' dir='ltr'>cod.</span> <span class='ocrx_word' id='word_1_119' title='bbox 604 555 642 589; x_wconf 88' lang='lat' dir='ltr'>P.</span> <span class='ocrx_word' id='word_1_120' title='bbox 670 575 712 580; x_wconf 95' lang='lat'>—</span> <span class='ocrx_word' id='word_1_121' title='bbox 740 556 778 590; x_wconf 83' lang='lat' dir='ltr'>P.</span> <span class='ocrx_word' id='word_1_122' title='bbox 808 560 884 590; x_wconf 87' lang='lat'>173.</span> <span class='ocrx_word' id='word_1_123' title='bbox 912 560 932 590; x_wconf 89' lang='grc'>9</span> <span class='ocrx_word' id='word_1_124' title='bbox 965 557 1114 590; x_wconf 82' lang='lat' dir='ltr'>adiueta</span> <span class='ocrx_word' id='word_1_125' title='bbox 1147 555 1226 590; x_wconf 87' lang='lat' dir='ltr'>cod.</span> <span class='ocrx_word' id='word_1_126' title='bbox 1252 555 1299 596; x_wconf 85' lang='lat' dir='ltr'>P;</span> <span class='ocrx_word' id='word_1_127' title='bbox 1332 554 1377 589; x_wconf 85' lang='lat' dir='ltr'>cf.</span> <span class='ocrx_word' id='word_1_128' title='bbox 1410 567 1446 599; x_wconf 91' lang='lat' dir='ltr'>p.</span> 
     </span>
     <span class='ocr_line' id='line_1_11' title="bbox 109 602 1446 646; baseline -0.001 -10"><span class='ocrx_word' id='word_1_129' title='bbox 109 605 185 636; x_wconf 89' lang='lat'>177.</span> <span class='ocrx_word' id='word_1_130' title='bbox 214 606 232 636; x_wconf 88' lang='lat'>7</span> <span class='ocrx_word' id='word_1_131' title='bbox 265 602 461 636; x_wconf 82' lang='lat' dir='ltr'>disiactum</span> <span class='ocrx_word' id='word_1_132' title='bbox 492 612 671 646; x_wconf 83' lang='lat' dir='ltr'>superscr.</span> <span class='ocrx_word' id='word_1_133' title='bbox 702 613 745 645; x_wconf 88' lang='lat' dir='ltr'>n,</span> <span class='ocrx_word' id='word_1_134' title='bbox 781 606 857 636; x_wconf 86' lang='lat'>186.</span> <span class='ocrx_word' id='word_1_135' title='bbox 887 607 905 636; x_wconf 93' lang='grc'>7</span> <span class='ocrx_word' id='word_1_136' title='bbox 938 603 1193 645; x_wconf 79' lang='lat' dir='ltr'>coniuctionis,</span> <span class='ocrx_word' id='word_1_137' title='bbox 1229 607 1306 637; x_wconf 88' lang='grc'>167.</span> <span class='ocrx_word' id='word_1_138' title='bbox 1333 605 1377 636; x_wconf 91' lang='grc'>28</span> <span class='ocrx_word' id='word_1_139' title='bbox 1393 613 1446 645; x_wconf 87' lang='lat' dir='ltr'>sq.</span> 
     </span>
     <span class='ocr_line' id='line_1_12' title="bbox 106 648 1447 694; baseline -0.001 -10"><span class='ocrx_word' id='word_1_140' title='bbox 106 650 296 691; x_wconf 81' lang='lat' dir='ltr'>conianta,</span> <span class='ocrx_word' id='word_1_141' title='bbox 330 652 407 682; x_wconf 87' lang='lat'>174.</span> <span class='ocrx_word' id='word_1_142' title='bbox 435 652 478 683; x_wconf 84' lang='lat'>35</span> <span class='ocrx_word' id='word_1_143' title='bbox 499 650 682 693; x_wconf 63' lang='lat' dir='ltr'>prot-enti,</span> <span class='ocrx_word' id='word_1_144' title='bbox 718 653 794 683; x_wconf 81' lang='grc'>172.</span> <span class='ocrx_word' id='word_1_145' title='bbox 823 654 867 687; x_wconf 89' lang='grc'>26</span> <span class='ocrx_word' id='word_1_146' title='bbox 892 651 989 693; x_wconf 84' lang='lat' dir='ltr'>nati,</span> <span class='ocrx_word' id='word_1_147' title='bbox 1024 654 1100 684; x_wconf 87' lang='lat'>177.</span> <span class='ocrx_word' id='word_1_148' title='bbox 1127 654 1148 684; x_wconf 88' lang='grc'>2</span> <span class='ocrx_word' id='word_1_149' title='bbox 1174 654 1345 694; x_wconf 78' lang='lat' dir='ltr'>eaepetem,</span> <span class='ocrx_word' id='word_1_150' title='bbox 1382 648 1447 683; x_wconf 81' lang='lat' dir='ltr'>sed</span> 
     </span>
     <span class='ocr_line' id='line_1_13' title="bbox 107 697 1447 740; baseline 0 -10"><span class='ocrx_word' id='word_1_151' title='bbox 107 697 286 731; x_wconf 76' lang='lat' dir='ltr'>coniunct.</span> <span class='ocrx_word' id='word_1_152' title='bbox 312 707 347 740; x_wconf 88' lang='lat' dir='ltr'>p.</span> <span class='ocrx_word' id='word_1_153' title='bbox 378 700 457 731; x_wconf 77' lang='lat'>163.</span> <span class='ocrx_word' id='word_1_154' title='bbox 483 701 537 739; x_wconf 75' lang='lat'>14,</span> <span class='ocrx_word' id='word_1_155' title='bbox 572 700 648 730; x_wconf 90' lang='lat'>170.</span> <span class='ocrx_word' id='word_1_156' title='bbox 677 699 731 739; x_wconf 91' lang='grc'>33,</span> <span class='ocrx_word' id='word_1_157' title='bbox 768 700 842 732; x_wconf 74' lang='lat'>173.</span> <span class='ocrx_word' id='word_1_158' title='bbox 871 701 902 740; x_wconf 87' lang='lat'>6,</span> <span class='ocrx_word' id='word_1_159' title='bbox 938 701 1014 732; x_wconf 80' lang='lat'>176.</span> <span class='ocrx_word' id='word_1_160' title='bbox 1045 701 1097 739; x_wconf 82' lang='lat'>13,</span> <span class='ocrx_word' id='word_1_161' title='bbox 1133 701 1208 732; x_wconf 83' lang='lat'>179.</span> <span class='ocrx_word' id='word_1_162' title='bbox 1236 701 1291 740; x_wconf 78' lang='lat'>27,</span> <span class='ocrx_word' id='word_1_163' title='bbox 1322 700 1396 731; x_wconf 86' lang='lat'>189.</span> <span class='ocrx_word' id='word_1_164' title='bbox 1427 700 1447 729; x_wconf 84' lang='lat'>9</span> 
     </span>
     <span class='ocr_line' id='line_1_14' title="bbox 107 742 1448 789; baseline -0.001 -12"><span class='ocrx_word' id='word_1_165' title='bbox 107 744 146 777; x_wconf 92' lang='lat' dir='ltr'>et</span> <span class='ocrx_word' id='word_1_166' title='bbox 170 747 227 786; x_wconf 88' lang='grc'>21,</span> <span class='ocrx_word' id='word_1_167' title='bbox 256 746 333 778; x_wconf 90' lang='grc'>196.</span> <span class='ocrx_word' id='word_1_168' title='bbox 362 747 391 777; x_wconf 89' lang='grc'>5.</span> <span class='ocrx_word' id='word_1_169' title='bbox 419 764 463 768; x_wconf 86' lang='grc'>-</span> <span class='ocrx_word' id='word_1_170' title='bbox 490 742 530 776; x_wconf 88' lang='grc' dir='ltr'>Ρ.</span> <span class='ocrx_word' id='word_1_171' title='bbox 558 747 635 778; x_wconf 85' lang='grc'>173.</span> <span class='ocrx_word' id='word_1_172' title='bbox 666 747 707 777; x_wconf 81' lang='lat'>10</span> <span class='ocrx_word' id='word_1_173' title='bbox 732 745 842 778; x_wconf 82' lang='lat' dir='ltr'>moris</span> <span class='ocrx_word' id='word_1_174' title='bbox 867 746 916 789; x_wconf 91' lang='lat' dir='ltr'>(p.</span> <span class='ocrx_word' id='word_1_175' title='bbox 946 749 1021 779; x_wconf 86' lang='lat'>166.</span> <span class='ocrx_word' id='word_1_176' title='bbox 1050 748 1121 787; x_wconf 88' lang='grc'>31),</span> <span class='ocrx_word' id='word_1_177' title='bbox 1147 755 1180 778; x_wconf 77' lang='lat' dir='ltr'>V.</span> <span class='ocrx_word' id='word_1_178' title='bbox 1206 748 1249 779; x_wconf 93' lang='lat'>16</span> <span class='ocrx_word' id='word_1_179' title='bbox 1273 745 1448 779; x_wconf 81' lang='lat' dir='ltr'>uoluntur</span> 
     </span>
     <span class='ocr_line' id='line_1_15' title="bbox 107 788 1445 834; baseline 0 -10"><span class='ocrx_word' id='word_1_180' title='bbox 107 789 186 824; x_wconf 93' lang='lat' dir='ltr'>cod.</span> <span class='ocrx_word' id='word_1_181' title='bbox 219 790 264 832; x_wconf 87' lang='lat' dir='ltr'>P;</span> <span class='ocrx_word' id='word_1_182' title='bbox 300 788 344 823; x_wconf 88' lang='lat' dir='ltr'>cf.</span> <span class='ocrx_word' id='word_1_183' title='bbox 378 801 410 824; x_wconf 91' lang='lat' dir='ltr'>v.</span> <span class='ocrx_word' id='word_1_184' title='bbox 445 794 488 824; x_wconf 90' lang='grc'>22</span> <span class='ocrx_word' id='word_1_185' title='bbox 520 791 720 832; x_wconf 73' lang='lat' dir='ltr'>emcellitur,</span> <span class='ocrx_word' id='word_1_186' title='bbox 757 795 832 825; x_wconf 88' lang='lat'>181.</span> <span class='ocrx_word' id='word_1_187' title='bbox 869 795 910 825; x_wconf 93' lang='lat'>10</span> <span class='ocrx_word' id='word_1_188' title='bbox 943 792 1172 834; x_wconf 75' lang='lat' dir='ltr'>laborantur,</span> <span class='ocrx_word' id='word_1_189' title='bbox 1205 791 1270 826; x_wconf 86' lang='lat' dir='ltr'>sed</span> <span class='ocrx_word' id='word_1_190' title='bbox 1297 794 1374 825; x_wconf 86' lang='lat'>186.</span> <span class='ocrx_word' id='word_1_191' title='bbox 1404 794 1445 824; x_wconf 93' lang='lat'>11</span> 
     </span>
     <span class='ocr_line' id='line_1_16' title="bbox 106 839 1447 929; baseline 0.001 -11"><span class='ocrx_word' id='word_1_192' title='bbox 106 841 487 926; x_wconf 39' lang='lat' dir='ltr'>amasa&amp;</span> <span class='ocrx_word' id='word_1_193' title='bbox 505 848 644 926; x_wconf 61' lang='grc' dir='ltr'>1....ξῖζῖ</span> <span class='ocrx_word' id='word_1_194' title='bbox 670 842 823 927; x_wconf 46' lang='lat' dir='ltr'>§aa</span> <span class='ocrx_word' id='word_1_195' title='bbox 847 839 1048 929; x_wconf 53' lang='lat' dir='ltr'>fflss&#39;mssss‘lfiz</span> <span class='ocrx_word' id='word_1_196' title='bbox 1073 839 1447 929; x_wconf 57' lang='lat' dir='ltr'>ss?2.·⁸z}sss²}}}‘}}⁷31u.z&#39;f</span> 
     </span>
     <span class='ocr_line' id='line_1_17' title="bbox 107 931 1434 975; baseline 0.002 -11"><span class='ocrx_word' id='word_1_197' title='bbox 107 952 150 957; x_wconf 95' lang='lat'>—</span> <span class='ocrx_word' id='word_1_198' title='bbox 177 931 216 965; x_wconf 92' lang='lat' dir='ltr'>P.</span> <span class='ocrx_word' id='word_1_199' title='bbox 246 935 323 965; x_wconf 89' lang='lat'>173.</span> <span class='ocrx_word' id='word_1_200' title='bbox 350 934 393 964; x_wconf 90' lang='grc'>21</span> <span class='ocrx_word' id='word_1_201' title='bbox 421 931 583 975; x_wconf 86' lang='lat' dir='ltr'>quinque</span> <span class='ocrx_word' id='word_1_202' title='bbox 608 931 756 966; x_wconf 74' lang='lat' dir='ltr'>litterae</span> <span class='ocrx_word' id='word_1_203' title='bbox 782 933 823 965; x_wconf 87' lang='lat' dir='ltr'>in</span> <span class='ocrx_word' id='word_1_204' title='bbox 847 943 882 966; x_wconf 88' lang='lat' dir='ltr'>se</span> <span class='ocrx_word' id='word_1_205' title='bbox 907 933 921 966; x_wconf 82' lang='lat' dir='ltr'>i</span> <span class='ocrx_word' id='word_1_206' title='bbox 946 942 1037 968; x_wconf 83' lang='lat' dir='ltr'>corr.</span> <span class='ocrx_word' id='word_1_207' title='bbox 1065 932 1143 966; x_wconf 88' lang='lat' dir='ltr'>cod.</span> <span class='ocrx_word' id='word_1_208' title='bbox 1170 932 1209 966; x_wconf 91' lang='lat' dir='ltr'>P.</span> <span class='ocrx_word' id='word_1_209' title='bbox 1238 952 1281 957; x_wconf 91' lang='lat'>—</span> <span class='ocrx_word' id='word_1_210' title='bbox 1307 932 1346 966; x_wconf 93' lang='lat' dir='ltr'>P.</span> <span class='ocrx_word' id='word_1_211' title='bbox 1369 936 1434 966; x_wconf 88' lang='lat'>173</span> 
     </span>
     <span class='ocr_line' id='line_1_18' title="bbox 106 978 1446 1023; baseline 0 -11"><span class='ocrx_word' id='word_1_212' title='bbox 106 982 150 1012; x_wconf 91' lang='grc'>22</span> <span class='ocrx_word' id='word_1_213' title='bbox 176 978 363 1022; x_wconf 72' lang='lat' dir='ltr'>excellitur</span> <span class='ocrx_word' id='word_1_214' title='bbox 389 978 448 1022; x_wconf 86' lang='lat' dir='ltr'>(cf.</span> <span class='ocrx_word' id='word_1_215' title='bbox 474 989 507 1012; x_wconf 77' lang='lat' dir='ltr'>V.</span> <span class='ocrx_word' id='word_1_216' title='bbox 538 980 604 1021; x_wconf 84' lang='lat'>16),</span> <span class='ocrx_word' id='word_1_217' title='bbox 627 989 665 1011; x_wconf 81' lang='lat' dir='ltr'>v.</span> <span class='ocrx_word' id='word_1_218' title='bbox 691 982 735 1013; x_wconf 88' lang='grc'>26</span> <span class='ocrx_word' id='word_1_219' title='bbox 762 979 804 1012; x_wconf 88' lang='lat' dir='ltr'>ut</span> <span class='ocrx_word' id='word_1_220' title='bbox 829 979 859 1012; x_wconf 94' lang='lat' dir='ltr'>D</span> <span class='ocrx_word' id='word_1_221' title='bbox 886 980 1014 1014; x_wconf 79' lang='lat' dir='ltr'>habeat</span> <span class='ocrx_word' id='word_1_222' title='bbox 1040 980 1088 1023; x_wconf 91' lang='lat' dir='ltr'>(p.</span> <span class='ocrx_word' id='word_1_223' title='bbox 1119 983 1196 1014; x_wconf 89' lang='lat'>166.</span> <span class='ocrx_word' id='word_1_224' title='bbox 1221 983 1289 1022; x_wconf 87' lang='lat'>31),</span> <span class='ocrx_word' id='word_1_225' title='bbox 1316 978 1364 1012; x_wconf 87' lang='lat' dir='ltr'>ib.</span> <span class='ocrx_word' id='word_1_226' title='bbox 1393 990 1446 1022; x_wconf 86' lang='lat' dir='ltr'>sq.</span> 
     </span>
     <span class='ocr_line' id='line_1_19' title="bbox 106 1026 1446 1070; baseline -0.001 -10"><span class='ocrx_word' id='word_1_227' title='bbox 106 1026 415 1060; x_wconf 81' lang='lat' dir='ltr'>benivolencitiam</span> <span class='ocrx_word' id='word_1_228' title='bbox 447 1027 494 1069; x_wconf 90' lang='lat' dir='ltr'>(p.</span> <span class='ocrx_word' id='word_1_229' title='bbox 531 1029 606 1059; x_wconf 75' lang='grc'>164.</span> <span class='ocrx_word' id='word_1_230' title='bbox 634 1026 705 1069; x_wconf 90' lang='grc'>29),</span> <span class='ocrx_word' id='word_1_231' title='bbox 738 1037 771 1060; x_wconf 87' lang='lat' dir='ltr'>v.</span> <span class='ocrx_word' id='word_1_232' title='bbox 805 1029 847 1060; x_wconf 90' lang='lat'>31</span> <span class='ocrx_word' id='word_1_233' title='bbox 881 1029 1085 1069; x_wconf 77' lang='lat' dir='ltr'><em>feneramur</em></span> <span class='ocrx_word' id='word_1_234' title='bbox 1119 1032 1166 1070; x_wconf 89' lang='lat' dir='ltr'>(p.</span> <span class='ocrx_word' id='word_1_235' title='bbox 1202 1030 1280 1060; x_wconf 88' lang='lat'>166.</span> <span class='ocrx_word' id='word_1_236' title='bbox 1310 1029 1379 1069; x_wconf 83' lang='lat'>37),</span> <span class='ocrx_word' id='word_1_237' title='bbox 1412 1037 1446 1058; x_wconf 68' lang='lat' dir='ltr'>v.</span> 
     </span>
     <span class='ocr_line' id='line_1_20' title="bbox 106 1071 1448 1115; baseline -0.001 -8"><span class='ocrx_word' id='word_1_238' title='bbox 106 1076 150 1107; x_wconf 90' lang='grc'>32</span> <span class='ocrx_word' id='word_1_239' title='bbox 183 1073 380 1107; x_wconf 84' lang='lat' dir='ltr'>libertatem</span> <span class='ocrx_word' id='word_1_240' title='bbox 406 1079 454 1115; x_wconf 87' lang='lat' dir='ltr'>(p.</span> <span class='ocrx_word' id='word_1_241' title='bbox 483 1076 559 1106; x_wconf 88' lang='lat'>166.</span> <span class='ocrx_word' id='word_1_242' title='bbox 588 1074 645 1115; x_wconf 90' lang='grc'>31)</span> <span class='ocrx_word' id='word_1_243' title='bbox 673 1071 754 1107; x_wconf 82' lang='lat' dir='ltr'>cod.</span> <span class='ocrx_word' id='word_1_244' title='bbox 780 1072 819 1106; x_wconf 94' lang='lat' dir='ltr'>P.</span> <span class='ocrx_word' id='word_1_245' title='bbox 847 1093 888 1097; x_wconf 89' lang='lat'><em>—</em></span> <span class='ocrx_word' id='word_1_246' title='bbox 918 1074 955 1107; x_wconf 83' lang='lat' dir='ltr'>P.</span> <span class='ocrx_word' id='word_1_247' title='bbox 985 1077 1060 1108; x_wconf 87' lang='lat'>173.</span> <span class='ocrx_word' id='word_1_248' title='bbox 1088 1077 1133 1107; x_wconf 89' lang='lat'>34</span> <span class='ocrx_word' id='word_1_249' title='bbox 1158 1073 1216 1108; x_wconf 81' lang='lat' dir='ltr'>Ab</span> <span class='ocrx_word' id='word_1_250' title='bbox 1247 1073 1304 1107; x_wconf 82' lang='lat' dir='ltr'>his</span> <span class='ocrx_word' id='word_1_251' title='bbox 1329 1072 1448 1115; x_wconf 56' lang='lat' dir='ltr'>codd„</span> 
     </span>
     <span class='ocr_line' id='line_1_21' title="bbox 105 1118 1445 1163; baseline -0.001 -10"><span class='ocrx_word' id='word_1_252' title='bbox 105 1118 212 1163; x_wconf 63' lang='lat' dir='ltr'>Bait„</span> <span class='ocrx_word' id='word_1_253' title='bbox 241 1119 379 1162; x_wconf 85' lang='lat' dir='ltr'>Lahm.,</span> <span class='ocrx_word' id='word_1_254' title='bbox 406 1118 559 1162; x_wconf 78' lang='lat' dir='ltr'>Nauck,</span> <span class='ocrx_word' id='word_1_255' title='bbox 592 1119 644 1153; x_wconf 87' lang='lat' dir='ltr'>At</span> <span class='ocrx_word' id='word_1_256' title='bbox 670 1120 700 1153; x_wconf 89' lang='lat' dir='ltr'>ii</span> <span class='ocrx_word' id='word_1_257' title='bbox 725 1118 797 1163; x_wconf 76' lang='lat' dir='ltr'>all,</span> <span class='ocrx_word' id='word_1_258' title='bbox 829 1119 950 1154; x_wconf 86' lang='lat' dir='ltr'>Halm.</span> <span class='ocrx_word' id='word_1_259' title='bbox 976 1141 1021 1145; x_wconf 90' lang='lat'>—</span> <span class='ocrx_word' id='word_1_260' title='bbox 1048 1120 1088 1156; x_wconf 90' lang='lat' dir='ltr'>P.</span> <span class='ocrx_word' id='word_1_261' title='bbox 1117 1124 1193 1155; x_wconf 90' lang='lat'>174.</span> <span class='ocrx_word' id='word_1_262' title='bbox 1222 1125 1241 1154; x_wconf 90' lang='lat'>6</span> <span class='ocrx_word' id='word_1_263' title='bbox 1273 1131 1308 1154; x_wconf 91' lang='lat' dir='ltr'>se</span> <span class='ocrx_word' id='word_1_264' title='bbox 1339 1119 1445 1154; x_wconf 84' lang='lat' dir='ltr'>codd.</span> 
     </span>
     <span class='ocr_line' id='line_1_22' title="bbox 106 1165 1447 1211; baseline 0 -10"><span class='ocrx_word' id='word_1_265' title='bbox 106 1165 212 1210; x_wconf 86' lang='lat' dir='ltr'>PDE,</span> <span class='ocrx_word' id='word_1_266' title='bbox 245 1166 353 1210; x_wconf 70' lang='lat' dir='ltr'>Bait,</span> <span class='ocrx_word' id='word_1_267' title='bbox 386 1165 527 1209; x_wconf 77' lang='lat' dir='ltr'>Lahm,</span> <span class='ocrx_word' id='word_1_268' title='bbox 559 1165 714 1204; x_wconf 81' lang='lat' dir='ltr'>Nauck..</span> <span class='ocrx_word' id='word_1_269' title='bbox 745 1177 816 1201; x_wconf 89' lang='lat' dir='ltr'>sese</span> <span class='ocrx_word' id='word_1_270' title='bbox 845 1166 938 1210; x_wconf 70' lang='lat' dir='ltr'>rell,</span> <span class='ocrx_word' id='word_1_271' title='bbox 970 1167 1091 1202; x_wconf 83' lang='lat' dir='ltr'>Halm.</span> <span class='ocrx_word' id='word_1_272' title='bbox 1119 1188 1162 1193; x_wconf 89' lang='lat'>—</span> <span class='ocrx_word' id='word_1_273' title='bbox 1192 1167 1244 1201; x_wconf 91' lang='lat' dir='ltr'>Ib.</span> <span class='ocrx_word' id='word_1_274' title='bbox 1271 1168 1447 1211; x_wconf 75' lang='lat' dir='ltr'>proprius</span> 
     </span>
     <span class='ocr_line' id='line_1_23' title="bbox 106 1213 1447 1259; baseline -0.001 -10"><span class='ocrx_word' id='word_1_275' title='bbox 106 1213 186 1249; x_wconf 88' lang='lat' dir='ltr'>cod.</span> <span class='ocrx_word' id='word_1_276' title='bbox 221 1213 247 1247; x_wconf 88' lang='lat' dir='ltr'>P</span> <span class='ocrx_word' id='word_1_277' title='bbox 278 1213 414 1257; x_wconf 67' lang='lat' dir='ltr'>(Halm.</span> <span class='ocrx_word' id='word_1_278' title='bbox 447 1215 542 1257; x_wconf 65' lang='lat' dir='ltr'>ern).</span> <span class='ocrx_word' id='word_1_279' title='bbox 576 1234 617 1238; x_wconf 88' lang='lat'><strong>—</strong></span> <span class='ocrx_word' id='word_1_280' title='bbox 652 1214 690 1247; x_wconf 90' lang='lat' dir='ltr'>P.</span> <span class='ocrx_word' id='word_1_281' title='bbox 726 1218 802 1249; x_wconf 86' lang='lat'>174.</span> <span class='ocrx_word' id='word_1_282' title='bbox 837 1219 855 1248; x_wconf 92' lang='grc'>7</span> <span class='ocrx_word' id='word_1_283' title='bbox 894 1216 1035 1259; x_wconf 78' lang='lat' dir='ltr'>sintque</span> <span class='ocrx_word' id='word_1_284' title='bbox 1066 1216 1103 1248; x_wconf 83' lang='lat' dir='ltr'>et</span> <span class='ocrx_word' id='word_1_285' title='bbox 1133 1227 1166 1249; x_wconf 88' lang='lat' dir='ltr'>v.</span> <span class='ocrx_word' id='word_1_286' title='bbox 1197 1218 1217 1248; x_wconf 93' lang='grc'>9</span> <span class='ocrx_word' id='word_1_287' title='bbox 1250 1216 1298 1249; x_wconf 86' lang='lat' dir='ltr'>sit</span> <span class='ocrx_word' id='word_1_288' title='bbox 1328 1214 1447 1256; x_wconf 72' lang='lat' dir='ltr'>codd,</span> 
     </span>
     <span class='ocr_line' id='line_1_24' title="bbox 105 1259 1490 1306; baseline 0.001 -12"><span class='ocrx_word' id='word_1_289' title='bbox 105 1260 259 1304; x_wconf 71' lang='lat' dir='ltr'>Nauck,</span> <span class='ocrx_word' id='word_1_290' title='bbox 285 1265 437 1306; x_wconf 77' lang='lat' dir='ltr'><strong><em>suntque</em></strong></span> <span class='ocrx_word' id='word_1_291' title='bbox 457 1259 601 1303; x_wconf 84' lang='lat' dir='ltr'>(Beiero</span> <span class='ocrx_word' id='word_1_292' title='bbox 627 1262 791 1305; x_wconf 85' lang='lat' dir='ltr'>auctore)</span> <span class='ocrx_word' id='word_1_293' title='bbox 818 1263 856 1295; x_wconf 72' lang='lat' dir='ltr'>et</span> <span class='ocrx_word' id='word_1_294' title='bbox 879 1266 929 1296; x_wconf 87' lang='lat' dir='ltr'>est</span> <span class='ocrx_word' id='word_1_295' title='bbox 952 1264 1008 1306; x_wconf 72' lang='lat' dir='ltr'>(fit</span> <span class='ocrx_word' id='word_1_296' title='bbox 1025 1261 1159 1306; x_wconf 82' lang='lat' dir='ltr'>Beier.)</span> <span class='ocrx_word' id='word_1_297' title='bbox 1180 1261 1312 1305; x_wconf 77' lang='lat' dir='ltr'>Halm,</span> <span class='ocrx_word' id='word_1_298' title='bbox 1339 1261 1445 1304; x_wconf 65' lang='lat' dir='ltr'>Bait„</span> <span class='ocrx_word' id='word_1_299' title='bbox 1485 1290 1490 1295; x_wconf 94' lang='lat'>.</span> 
     </span>
     <span class='ocr_line' id='line_1_25' title="bbox 104 1307 1446 1352; baseline 0.001 -9"><span class='ocrx_word' id='word_1_300' title='bbox 104 1308 251 1350; x_wconf 81' lang='lat' dir='ltr'>Lahm.;</span> <span class='ocrx_word' id='word_1_301' title='bbox 278 1307 321 1342; x_wconf 85' lang='lat' dir='ltr'>cf.</span> <span class='ocrx_word' id='word_1_302' title='bbox 350 1309 397 1342; x_wconf 88' lang='lat' dir='ltr'>ad</span> <span class='ocrx_word' id='word_1_303' title='bbox 422 1319 457 1352; x_wconf 89' lang='lat' dir='ltr'>p.</span> <span class='ocrx_word' id='word_1_304' title='bbox 481 1311 557 1341; x_wconf 89' lang='lat'>137.</span> <span class='ocrx_word' id='word_1_305' title='bbox 579 1312 634 1342; x_wconf 89' lang='lat'>36.</span> <span class='ocrx_word' id='word_1_306' title='bbox 660 1328 705 1332; x_wconf 89' lang='lat'>—</span> <span class='ocrx_word' id='word_1_307' title='bbox 731 1308 770 1342; x_wconf 93' lang='lat' dir='ltr'>P.</span> <span class='ocrx_word' id='word_1_308' title='bbox 800 1312 876 1343; x_wconf 88' lang='grc'>174.</span> <span class='ocrx_word' id='word_1_309' title='bbox 900 1313 941 1343; x_wconf 92' lang='lat'>11</span> <span class='ocrx_word' id='word_1_310' title='bbox 955 1320 1007 1352; x_wconf 87' lang='lat' dir='ltr'>sq.</span> <span class='ocrx_word' id='word_1_311' title='bbox 1034 1310 1082 1344; x_wconf 79' lang='lat' dir='ltr'>acl</span> <span class='ocrx_word' id='word_1_312' title='bbox 1107 1310 1340 1343; x_wconf 79' lang='lat' dir='ltr'>inbecillitate</span> <span class='ocrx_word' id='word_1_313' title='bbox 1364 1308 1446 1344; x_wconf 90' lang='lat' dir='ltr'>cod.</span> 
     </span>
     <span class='ocr_line' id='line_1_26' title="bbox 104 1354 1445 1402; baseline 0.001 -13"><span class='ocrx_word' id='word_1_314' title='bbox 104 1354 145 1391; x_wconf 91' lang='lat' dir='ltr'>P.</span> <span class='ocrx_word' id='word_1_315' title='bbox 172 1375 217 1380; x_wconf 93' lang='lat'>—-</span> <span class='ocrx_word' id='word_1_316' title='bbox 240 1355 278 1389; x_wconf 93' lang='lat' dir='ltr'>P.</span> <span class='ocrx_word' id='word_1_317' title='bbox 310 1359 386 1390; x_wconf 87' lang='lat'>174.</span> <span class='ocrx_word' id='word_1_318' title='bbox 416 1358 456 1389; x_wconf 87' lang='grc'>12</span> <span class='ocrx_word' id='word_1_319' title='bbox 471 1366 524 1398; x_wconf 83' lang='lat' dir='ltr'>sq.</span> <span class='ocrx_word' id='word_1_320' title='bbox 557 1355 739 1390; x_wconf 78' lang='lat' dir='ltr'>amicitias</span> <span class='ocrx_word' id='word_1_321' title='bbox 771 1357 1036 1402; x_wconf 75' lang='lat' dir='ltr'>conylutinaret</span> <span class='ocrx_word' id='word_1_322' title='bbox 1063 1356 1167 1390; x_wconf 88' lang='lat' dir='ltr'>codd.</span> <span class='ocrx_word' id='word_1_323' title='bbox 1194 1355 1306 1399; x_wconf 91' lang='lat' dir='ltr'>PDE,</span> <span class='ocrx_word' id='word_1_324' title='bbox 1338 1355 1445 1398; x_wconf 69' lang='lat' dir='ltr'>Bait,</span> 
     </span>
     <span class='ocr_line' id='line_1_27' title="bbox 105 1401 1448 1447; baseline 0 -11"><span class='ocrx_word' id='word_1_325' title='bbox 105 1402 244 1445; x_wconf 89' lang='lat' dir='ltr'>Lahm.,</span> <span class='ocrx_word' id='word_1_326' title='bbox 270 1401 425 1445; x_wconf 76' lang='lat' dir='ltr'>Nauck,</span> <span class='ocrx_word' id='word_1_327' title='bbox 458 1403 571 1447; x_wconf 64' lang='lat' dir='ltr'>confi.</span> <span class='ocrx_word' id='word_1_328' title='bbox 597 1403 700 1437; x_wconf 85' lang='lat' dir='ltr'>amic.</span> <span class='ocrx_word' id='word_1_329' title='bbox 727 1402 819 1446; x_wconf 73' lang='lat' dir='ltr'>rell,</span> <span class='ocrx_word' id='word_1_330' title='bbox 851 1403 972 1437; x_wconf 82' lang='lat' dir='ltr'>Halm.</span> <span class='ocrx_word' id='word_1_331' title='bbox 1000 1424 1042 1428; x_wconf 91' lang='lat'>--</span> <span class='ocrx_word' id='word_1_332' title='bbox 1071 1404 1108 1437; x_wconf 82' lang='grc' dir='ltr'>Ρ.</span> <span class='ocrx_word' id='word_1_333' title='bbox 1137 1407 1214 1438; x_wconf 86' lang='grc'>174.</span> <span class='ocrx_word' id='word_1_334' title='bbox 1245 1408 1286 1437; x_wconf 88' lang='grc'>14</span> <span class='ocrx_word' id='word_1_335' title='bbox 1311 1404 1448 1437; x_wconf 79' lang='lat' dir='ltr'>mutari</span> 
     </span>
     <span class='ocr_line' id='line_1_28' title="bbox 107 1448 1447 1495; baseline 0.001 -12"><span class='ocrx_word' id='word_1_336' title='bbox 107 1460 198 1483; x_wconf 85' lang='lat' dir='ltr'>corr.</span> <span class='ocrx_word' id='word_1_337' title='bbox 226 1459 270 1482; x_wconf 84' lang='lat' dir='ltr'>ex</span> <span class='ocrx_word' id='word_1_338' title='bbox 294 1453 433 1484; x_wconf 80' lang='lat' dir='ltr'>mutare</span> <span class='ocrx_word' id='word_1_339' title='bbox 460 1448 523 1493; x_wconf 84' lang='lat' dir='ltr'>(ad</span> <span class='ocrx_word' id='word_1_340' title='bbox 547 1461 583 1493; x_wconf 90' lang='lat' dir='ltr'>p.</span> <span class='ocrx_word' id='word_1_341' title='bbox 612 1452 689 1484; x_wconf 84' lang='lat'>181.</span> <span class='ocrx_word' id='word_1_342' title='bbox 718 1453 785 1493; x_wconf 92' lang='grc'>17),</span> <span class='ocrx_word' id='word_1_343' title='bbox 818 1462 851 1484; x_wconf 87' lang='lat' dir='ltr'>v.</span> <span class='ocrx_word' id='word_1_344' title='bbox 879 1454 922 1484; x_wconf 77' lang='lat'>22</span> <span class='ocrx_word' id='word_1_345' title='bbox 948 1451 1122 1495; x_wconf 77' lang='lat' dir='ltr'>scipione,</span> <span class='ocrx_word' id='word_1_346' title='bbox 1151 1463 1184 1484; x_wconf 86' lang='lat' dir='ltr'>v.</span> <span class='ocrx_word' id='word_1_347' title='bbox 1212 1454 1257 1484; x_wconf 87' lang='grc'>24</span> <span class='ocrx_word' id='word_1_348' title='bbox 1282 1451 1447 1485; x_wconf 84' lang='lat' dir='ltr'>amicitia</span> 
     </span>
     <span class='ocr_line' id='line_1_29' title="bbox 106 1495 1444 1541; baseline 0.001 -11"><span class='ocrx_word' id='word_1_349' title='bbox 106 1496 186 1531; x_wconf 84' lang='lat' dir='ltr'>cod.</span> <span class='ocrx_word' id='word_1_350' title='bbox 217 1496 258 1537; x_wconf 84' lang='lat' dir='ltr'>P;</span> <span class='ocrx_word' id='word_1_351' title='bbox 285 1495 358 1530; x_wconf 85' lang='lat' dir='ltr'>litt.</span> <span class='ocrx_word' id='word_1_352' title='bbox 384 1508 419 1530; x_wconf 87' lang='lat' dir='ltr'>m</span> <span class='ocrx_word' id='word_1_353' title='bbox 445 1506 514 1530; x_wconf 89' lang='lat' dir='ltr'>om.</span> <span class='ocrx_word' id='word_1_354' title='bbox 542 1495 654 1530; x_wconf 86' lang='lat' dir='ltr'>etiam</span> <span class='ocrx_word' id='word_1_355' title='bbox 679 1508 715 1540; x_wconf 87' lang='lat' dir='ltr'>p.</span> <span class='ocrx_word' id='word_1_356' title='bbox 744 1501 820 1532; x_wconf 88' lang='lat'>181.</span> <span class='ocrx_word' id='word_1_357' title='bbox 845 1502 897 1540; x_wconf 90' lang='grc'>18,</span> <span class='ocrx_word' id='word_1_358' title='bbox 927 1502 1003 1533; x_wconf 90' lang='grc'>183.</span> <span class='ocrx_word' id='word_1_359' title='bbox 1024 1502 1079 1540; x_wconf 88' lang='grc'>34,</span> <span class='ocrx_word' id='word_1_360' title='bbox 1108 1501 1185 1532; x_wconf 84' lang='grc'>185.</span> <span class='ocrx_word' id='word_1_361' title='bbox 1215 1502 1268 1541; x_wconf 88' lang='grc'>14,</span> <span class='ocrx_word' id='word_1_362' title='bbox 1297 1502 1373 1532; x_wconf 90' lang='grc'>190.</span> <span class='ocrx_word' id='word_1_363' title='bbox 1401 1502 1444 1531; x_wconf 90' lang='grc'>27</span> 
     </span>
     <span class='ocr_line' id='line_1_30' title="bbox 105 1543 1445 1588; baseline 0.001 -11"><span class='ocrx_word' id='word_1_364' title='bbox 105 1544 144 1577; x_wconf 86' lang='lat' dir='ltr'>et</span> <span class='ocrx_word' id='word_1_365' title='bbox 160 1547 216 1578; x_wconf 88' lang='lat'>33.</span> <span class='ocrx_word' id='word_1_366' title='bbox 239 1564 280 1568; x_wconf 93' lang='lat'>-—</span> <span class='ocrx_word' id='word_1_367' title='bbox 302 1543 341 1578; x_wconf 94' lang='lat' dir='ltr'>P.</span> <span class='ocrx_word' id='word_1_368' title='bbox 365 1547 442 1577; x_wconf 77' lang='lat'>174.</span> <span class='ocrx_word' id='word_1_369' title='bbox 462 1546 507 1577; x_wconf 88' lang='grc'>24</span> <span class='ocrx_word' id='word_1_370' title='bbox 526 1544 621 1578; x_wconf 78' lang='lat' dir='ltr'>vitae</span> <span class='ocrx_word' id='word_1_371' title='bbox 639 1544 733 1578; x_wconf 75' lang='lat' dir='ltr'>diem</span> <span class='ocrx_word' id='word_1_372' title='bbox 752 1544 857 1579; x_wconf 83' lang='lat' dir='ltr'>codd.</span> <span class='ocrx_word' id='word_1_373' title='bbox 878 1544 983 1588; x_wconf 88' lang='lat' dir='ltr'>PDE,</span> <span class='ocrx_word' id='word_1_374' title='bbox 1004 1544 1110 1588; x_wconf 79' lang='lat' dir='ltr'>Bait,</span> <span class='ocrx_word' id='word_1_375' title='bbox 1131 1544 1270 1588; x_wconf 90' lang='lat' dir='ltr'>Lahm.,</span> <span class='ocrx_word' id='word_1_376' title='bbox 1290 1544 1445 1587; x_wconf 75' lang='lat' dir='ltr'>Nauck,</span> 
     </span>
     <span class='ocr_line' id='line_1_31' title="bbox 105 1589 1445 1637; baseline 0.001 -12"><span class='ocrx_word' id='word_1_377' title='bbox 105 1591 198 1625; x_wconf 86' lang='lat' dir='ltr'>diem</span> <span class='ocrx_word' id='word_1_378' title='bbox 229 1591 324 1625; x_wconf 83' lang='lat' dir='ltr'>vitae</span> <span class='ocrx_word' id='word_1_379' title='bbox 354 1590 445 1632; x_wconf 76' lang='lat' dir='ltr'>rell,</span> <span class='ocrx_word' id='word_1_380' title='bbox 477 1589 598 1625; x_wconf 84' lang='lat' dir='ltr'>Halm.</span> <span class='ocrx_word' id='word_1_381' title='bbox 626 1611 668 1615; x_wconf 85' lang='lat'>-—</span> <span class='ocrx_word' id='word_1_382' title='bbox 695 1590 747 1625; x_wconf 92' lang='lat' dir='ltr'>Ib.</span> <span class='ocrx_word' id='word_1_383' title='bbox 775 1603 827 1635; x_wconf 86' lang='lat' dir='ltr'>sq.</span> <span class='ocrx_word' id='word_1_384' title='bbox 854 1604 1019 1636; x_wconf 68' lang='lat' dir='ltr'>pei-mare</span> <span class='ocrx_word' id='word_1_385' title='bbox 1050 1595 1100 1637; x_wconf 88' lang='lat' dir='ltr'>(p.</span> <span class='ocrx_word' id='word_1_386' title='bbox 1130 1597 1206 1627; x_wconf 90' lang='lat'>166.</span> <span class='ocrx_word' id='word_1_387' title='bbox 1234 1597 1304 1635; x_wconf 65' lang='grc'>31),</span> <span class='ocrx_word' id='word_1_388' title='bbox 1339 1603 1374 1626; x_wconf 85' lang='lat' dir='ltr'>v.</span> <span class='ocrx_word' id='word_1_389' title='bbox 1401 1596 1445 1626; x_wconf 87' lang='grc'>26</span> 
     </span>
     <span class='ocr_line' id='line_1_32' title="bbox 105 1638 1446 1685; baseline 0.001 -13"><span class='ocrx_word' id='word_1_390' title='bbox 105 1638 324 1672; x_wconf 76' lang='lat' dir='ltr'>sentirentur</span> <span class='ocrx_word' id='word_1_391' title='bbox 349 1639 398 1681; x_wconf 88' lang='lat' dir='ltr'>(p.</span> <span class='ocrx_word' id='word_1_392' title='bbox 429 1641 505 1671; x_wconf 89' lang='grc'>164.</span> <span class='ocrx_word' id='word_1_393' title='bbox 532 1640 602 1682; x_wconf 78' lang='grc'>31),</span> <span class='ocrx_word' id='word_1_394' title='bbox 635 1649 667 1672; x_wconf 86' lang='lat' dir='ltr'>v.</span> <span class='ocrx_word' id='word_1_395' title='bbox 695 1642 740 1673; x_wconf 87' lang='grc'>28</span> <span class='ocrx_word' id='word_1_396' title='bbox 771 1640 1054 1685; x_wconf 69' lang='lat' dir='ltr'>i&#39;nyraveseentes</span> <span class='ocrx_word' id='word_1_397' title='bbox 1084 1641 1125 1673; x_wconf 82' lang='lat' dir='ltr'>ut</span> <span class='ocrx_word' id='word_1_398' title='bbox 1150 1639 1255 1682; x_wconf 85' lang='lat' dir='ltr'>GBS,</span> <span class='ocrx_word' id='word_1_399' title='bbox 1289 1639 1354 1674; x_wconf 83' lang='lat' dir='ltr'>sed</span> <span class='ocrx_word' id='word_1_400' title='bbox 1383 1650 1446 1674; x_wconf 82' lang='lat' dir='ltr'>cen</span> 
     </span>
     <span class='ocr_line' id='line_1_33' title="bbox 105 1684 1444 1731; baseline 0.001 -13"><span class='ocrx_word' id='word_1_401' title='bbox 105 1695 302 1729; x_wconf 66' lang='lat' dir='ltr'>superscn,</span> <span class='ocrx_word' id='word_1_402' title='bbox 335 1684 413 1718; x_wconf 88' lang='lat' dir='ltr'>cod.</span> <span class='ocrx_word' id='word_1_403' title='bbox 449 1686 486 1718; x_wconf 88' lang='lat' dir='ltr'>P.</span> <span class='ocrx_word' id='word_1_404' title='bbox 520 1705 562 1708; x_wconf 95' lang='lat'>—</span> <span class='ocrx_word' id='word_1_405' title='bbox 594 1684 632 1719; x_wconf 91' lang='lat' dir='ltr'>P.</span> <span class='ocrx_word' id='word_1_406' title='bbox 663 1689 739 1720; x_wconf 87' lang='grc'>174.</span> <span class='ocrx_word' id='word_1_407' title='bbox 766 1689 811 1720; x_wconf 87' lang='grc'>28</span> <span class='ocrx_word' id='word_1_408' title='bbox 843 1687 938 1722; x_wconf 78' lang='lat' dir='ltr'>alias</span> <span class='ocrx_word' id='word_1_409' title='bbox 967 1688 1135 1722; x_wconf 79' lang='lat' dir='ltr'>secundis</span> <span class='ocrx_word' id='word_1_410' title='bbox 1166 1687 1248 1720; x_wconf 89' lang='lat' dir='ltr'>add.</span> <span class='ocrx_word' id='word_1_411' title='bbox 1282 1686 1444 1731; x_wconf 82' lang='lat' dir='ltr'>Brieger.</span> 
     </span>
     <span class='ocr_line' id='line_1_34' title="bbox 104 1731 1446 1821; baseline 0.001 -56"><span class='ocrx_word' id='word_1_412' title='bbox 104 1742 225 1821; x_wconf 58' lang='lat' dir='ltr'>progr.</span> <span class='ocrx_word' id='word_1_413' title='bbox 260 1731 368 1766; x_wconf 83' lang='lat' dir='ltr'>Posn.</span> <span class='ocrx_word' id='word_1_414' title='bbox 411 1734 498 1765; x_wconf 88' lang='grc'>1873</span> <span class='ocrx_word' id='word_1_415' title='bbox 537 1743 572 1776; x_wconf 92' lang='lat' dir='ltr'>p.</span> <span class='ocrx_word' id='word_1_416' title='bbox 607 1736 638 1766; x_wconf 86' lang='lat'>7.</span> <span class='ocrx_word' id='word_1_417' title='bbox 677 1753 723 1757; x_wconf 90' lang='lat'><strong>—</strong></span> <span class='ocrx_word' id='word_1_418' title='bbox 761 1733 797 1768; x_wconf 90' lang='lat' dir='ltr'>P.</span> <span class='ocrx_word' id='word_1_419' title='bbox 835 1738 912 1768; x_wconf 83' lang='grc'>174.</span> <span class='ocrx_word' id='word_1_420' title='bbox 944 1738 987 1769; x_wconf 89' lang='grc'>31</span> <span class='ocrx_word' id='word_1_421' title='bbox 1020 1738 1242 1778; x_wconf 70' lang='lat' dir='ltr'>ponerentur</span> <span class='ocrx_word' id='word_1_422' title='bbox 1280 1734 1384 1770; x_wconf 85' lang='lat' dir='ltr'>codd.</span> <span class='ocrx_word' id='word_1_423' title='bbox 1416 1734 1446 1767; x_wconf 93' lang='lat' dir='ltr'>P</span> 
     </span>
    </p>
   </div>
   <div class='ocr_carea' id='block_1_3' title="bbox 47 1779 1446 1826">
    <p class='ocr_par' dir='ltr' id='par_1_3' title="bbox 47 1779 1446 1826">
     <span class='ocr_line' id='line_1_35' title="bbox 47 1779 1446 1826; baseline 0.004 -15"><span class='ocrx_word' id='word_1_424' title='bbox 47 1815 53 1820; x_wconf 93' lang='lat'>.</span> <span class='ocrx_word' id='word_1_425' title='bbox 119 1789 297 1824; x_wconf 84' lang='lat' dir='ltr'>superscr.</span> <span class='ocrx_word' id='word_1_426' title='bbox 317 1790 359 1821; x_wconf 83' lang='lat' dir='ltr'>n3</span> <span class='ocrx_word' id='word_1_427' title='bbox 385 1790 421 1823; x_wconf 94' lang='lat' dir='ltr'>p.</span> <span class='ocrx_word' id='word_1_428' title='bbox 444 1783 521 1813; x_wconf 77' lang='grc'>164.</span> <span class='ocrx_word' id='word_1_429' title='bbox 543 1781 601 1822; x_wconf 87' lang='grc'>31)</span> <span class='ocrx_word' id='word_1_430' title='bbox 622 1779 695 1822; x_wconf 88' lang='lat' dir='ltr'>DE,</span> <span class='ocrx_word' id='word_1_431' title='bbox 722 1780 828 1824; x_wconf 68' lang='lat' dir='ltr'>Bait,</span> <span class='ocrx_word' id='word_1_432' title='bbox 848 1780 987 1823; x_wconf 80' lang='lat' dir='ltr'>Lahm,</span> <span class='ocrx_word' id='word_1_433' title='bbox 1007 1781 1161 1824; x_wconf 75' lang='lat' dir='ltr'>Nauck,</span> <span class='ocrx_word' id='word_1_434' title='bbox 1187 1782 1446 1826; x_wconf 75' lang='lat' dir='ltr'>deponerentur</span> 
     </span>
    </p>
   </div>
   <div class='ocr_carea' id='block_1_4' title="bbox 101 1825 1446 2254">
    <p class='ocr_par' dir='ltr' id='par_1_4' title="bbox 101 1825 1446 2254">
     <span class='ocr_line' id='line_1_36' title="bbox 104 1825 1446 1870; baseline 0.004 -11"><span class='ocrx_word' id='word_1_435' title='bbox 104 1825 196 1870; x_wconf 64' lang='lat' dir='ltr'>rell„</span> <span class='ocrx_word' id='word_1_436' title='bbox 226 1825 347 1860; x_wconf 89' lang='lat' dir='ltr'>Halm.</span> <span class='ocrx_word' id='word_1_437' title='bbox 374 1846 419 1851; x_wconf 84' lang='lat'>—</span> <span class='ocrx_word' id='word_1_438' title='bbox 444 1826 483 1860; x_wconf 93' lang='lat' dir='ltr'>P.</span> <span class='ocrx_word' id='word_1_439' title='bbox 511 1830 589 1861; x_wconf 83' lang='grc'>174.</span> <span class='ocrx_word' id='word_1_440' title='bbox 618 1830 660 1860; x_wconf 81' lang='grc'>32</span> <span class='ocrx_word' id='word_1_441' title='bbox 678 1838 730 1870; x_wconf 81' lang='lat' dir='ltr'>sq.</span> <span class='ocrx_word' id='word_1_442' title='bbox 756 1829 809 1862; x_wconf 77' lang='lat' dir='ltr'>rel</span> <span class='ocrx_word' id='word_1_443' title='bbox 834 1829 997 1864; x_wconf 71' lang='lat' dir='ltr'>luxoriae</span> <span class='ocrx_word' id='word_1_444' title='bbox 1023 1829 1102 1864; x_wconf 87' lang='lat' dir='ltr'>cod.</span> <span class='ocrx_word' id='word_1_445' title='bbox 1128 1828 1167 1869; x_wconf 80' lang='lat' dir='ltr'>P,</span> <span class='ocrx_word' id='word_1_446' title='bbox 1198 1830 1252 1863; x_wconf 77' lang='lat' dir='ltr'>rel</span> <span class='ocrx_word' id='word_1_447' title='bbox 1277 1830 1446 1864; x_wconf 65' lang='lat' dir='ltr'>luoeurz‘ae</span> 
     </span>
     <span class='ocr_line' id='line_1_37' title="bbox 104 1872 1446 1918; baseline 0.002 -10"><span class='ocrx_word' id='word_1_448' title='bbox 104 1875 197 1917; x_wconf 82' lang='lat' dir='ltr'>(-e,</span> <span class='ocrx_word' id='word_1_449' title='bbox 230 1876 313 1915; x_wconf 88' lang='lat' dir='ltr'>-a)</span> <span class='ocrx_word' id='word_1_450' title='bbox 351 1872 447 1914; x_wconf 82' lang='lat' dir='ltr'>rell.;</span> <span class='ocrx_word' id='word_1_451' title='bbox 487 1873 534 1906; x_wconf 89' lang='lat' dir='ltr'>ad</span> <span class='ocrx_word' id='word_1_452' title='bbox 570 1885 607 1918; x_wconf 90' lang='lat' dir='ltr'>p.</span> <span class='ocrx_word' id='word_1_453' title='bbox 651 1878 727 1909; x_wconf 87' lang='lat'>169.</span> <span class='ocrx_word' id='word_1_454' title='bbox 767 1879 821 1909; x_wconf 81' lang='grc'>24.</span> <span class='ocrx_word' id='word_1_455' title='bbox 863 1896 905 1900; x_wconf 86' lang='grc'>-</span> <span class='ocrx_word' id='word_1_456' title='bbox 943 1876 983 1910; x_wconf 92' lang='lat' dir='ltr'>P.</span> <span class='ocrx_word' id='word_1_457' title='bbox 1023 1880 1100 1911; x_wconf 89' lang='grc'>174.</span> <span class='ocrx_word' id='word_1_458' title='bbox 1134 1880 1177 1910; x_wconf 90' lang='grc'>33</span> <span class='ocrx_word' id='word_1_459' title='bbox 1215 1877 1446 1912; x_wconf 83' lang='lat' dir='ltr'>conditionis</span> 
     </span>
     <span class='ocr_line' id='line_1_38' title="bbox 104 1920 1444 1968; baseline 0.003 -14"><span class='ocrx_word' id='word_1_460' title='bbox 104 1920 166 1963; x_wconf 88' lang='lat' dir='ltr'>(ad</span> <span class='ocrx_word' id='word_1_461' title='bbox 185 1932 220 1964; x_wconf 91' lang='lat' dir='ltr'>p.</span> <span class='ocrx_word' id='word_1_462' title='bbox 242 1924 274 1954; x_wconf 88' lang='lat'>9.</span> <span class='ocrx_word' id='word_1_463' title='bbox 296 1924 315 1955; x_wconf 90' lang='grc'>7</span> <span class='ocrx_word' id='word_1_464' title='bbox 337 1921 375 1954; x_wconf 83' lang='lat' dir='ltr'>et</span> <span class='ocrx_word' id='word_1_465' title='bbox 395 1925 472 1956; x_wconf 87' lang='lat'>169.</span> <span class='ocrx_word' id='word_1_466' title='bbox 497 1922 564 1964; x_wconf 89' lang='lat'>17),</span> <span class='ocrx_word' id='word_1_467' title='bbox 584 1931 617 1954; x_wconf 82' lang='lat' dir='ltr'>v.</span> <span class='ocrx_word' id='word_1_468' title='bbox 639 1925 682 1955; x_wconf 88' lang='grc'>35</span> <span class='ocrx_word' id='word_1_469' title='bbox 697 1923 859 1965; x_wconf 68' lang='lat' dir='ltr'>provecti</span> <span class='ocrx_word' id='word_1_470' title='bbox 877 1934 967 1958; x_wconf 82' lang='lat' dir='ltr'>corr.</span> <span class='ocrx_word' id='word_1_471' title='bbox 988 1934 1032 1957; x_wconf 84' lang='lat' dir='ltr'>ex</span> <span class='ocrx_word' id='word_1_472' title='bbox 1050 1925 1218 1968; x_wconf 76' lang='lat' dir='ltr'>proventi</span> <span class='ocrx_word' id='word_1_473' title='bbox 1237 1925 1286 1968; x_wconf 89' lang='lat' dir='ltr'>(p.</span> <span class='ocrx_word' id='word_1_474' title='bbox 1308 1928 1387 1958; x_wconf 89' lang='lat'>173.</span> <span class='ocrx_word' id='word_1_475' title='bbox 1408 1925 1444 1968; x_wconf 90' lang='grc'>9)</span> 
     </span>
     <span class='ocr_line' id='line_1_39' title="bbox 105 1967 1443 2016; baseline 0.003 -14"><span class='ocrx_word' id='word_1_476' title='bbox 105 1967 183 2002; x_wconf 88' lang='lat' dir='ltr'>cod.</span> <span class='ocrx_word' id='word_1_477' title='bbox 212 1967 251 2002; x_wconf 88' lang='lat' dir='ltr'>P.</span> <span class='ocrx_word' id='word_1_478' title='bbox 280 1988 322 1993; x_wconf 92' lang='lat'>—</span> <span class='ocrx_word' id='word_1_479' title='bbox 348 1967 388 2002; x_wconf 92' lang='lat' dir='ltr'>P.</span> <span class='ocrx_word' id='word_1_480' title='bbox 418 1972 494 2004; x_wconf 86' lang='lat'>174.</span> <span class='ocrx_word' id='word_1_481' title='bbox 521 1972 564 2002; x_wconf 88' lang='grc'>37</span> <span class='ocrx_word' id='word_1_482' title='bbox 597 1969 724 2003; x_wconf 75' lang='lat' dir='ltr'>amicis</span> <span class='ocrx_word' id='word_1_483' title='bbox 754 1971 796 2003; x_wconf 87' lang='lat' dir='ltr'>ut</span> <span class='ocrx_word' id='word_1_484' title='bbox 820 1970 850 2003; x_wconf 95' lang='lat' dir='ltr'>D</span> <span class='ocrx_word' id='word_1_485' title='bbox 884 1972 963 2006; x_wconf 85' lang='lat' dir='ltr'>cod.</span> <span class='ocrx_word' id='word_1_486' title='bbox 989 1970 1036 2013; x_wconf 77' lang='lat' dir='ltr'>P3</span> <span class='ocrx_word' id='word_1_487' title='bbox 1071 1970 1118 2004; x_wconf 87' lang='lat' dir='ltr'>ad</span> <span class='ocrx_word' id='word_1_488' title='bbox 1147 1983 1183 2016; x_wconf 89' lang='lat' dir='ltr'>p.</span> <span class='ocrx_word' id='word_1_489' title='bbox 1213 1976 1289 2006; x_wconf 88' lang='lat'>166.</span> <span class='ocrx_word' id='word_1_490' title='bbox 1317 1975 1372 2006; x_wconf 91' lang='lat'>31.</span> <span class='ocrx_word' id='word_1_491' title='bbox 1401 1992 1443 1996; x_wconf 92' lang='lat'><strong>—</strong></span> 
     </span>
     <span class='ocr_line' id='line_1_40' title="bbox 104 2014 1444 2064; baseline 0.003 -15"><span class='ocrx_word' id='word_1_492' title='bbox 104 2015 142 2049; x_wconf 94' lang='lat' dir='ltr'>P.</span> <span class='ocrx_word' id='word_1_493' title='bbox 171 2018 248 2049; x_wconf 88' lang='lat'>175.</span> <span class='ocrx_word' id='word_1_494' title='bbox 275 2018 295 2049; x_wconf 89' lang='lat'>6</span> <span class='ocrx_word' id='word_1_495' title='bbox 311 2025 390 2058; x_wconf 82' lang='lat' dir='ltr'>sqq.</span> <span class='ocrx_word' id='word_1_496' title='bbox 417 2016 604 2050; x_wconf 82' lang='lat' dir='ltr'>iniuriam.</span> <span class='ocrx_word' id='word_1_497' title='bbox 658 2014 762 2059; x_wconf 71' lang='lat' dir='ltr'>Quod</span> <span class='ocrx_word' id='word_1_498' title='bbox 787 2037 830 2042; x_wconf 86' lang='lat'>—</span> <span class='ocrx_word' id='word_1_499' title='bbox 857 2018 880 2061; x_wconf 57' lang='grc' dir='ltr'>7ι</span> <span class='ocrx_word' id='word_1_500' title='bbox 911 2022 1147 2062; x_wconf 60' lang='lat' dir='ltr'>arguerentur</span> <span class='ocrx_word' id='word_1_501' title='bbox 1171 2018 1304 2062; x_wconf 78' lang='lat' dir='ltr'>Halm,</span> <span class='ocrx_word' id='word_1_502' title='bbox 1336 2020 1444 2064; x_wconf 77' lang='lat' dir='ltr'>quod,</span> 
     </span>
     <span class='ocr_line' id='line_1_41' title="bbox 103 2061 1443 2109; baseline 0.003 -13"><span class='ocrx_word' id='word_1_503' title='bbox 103 2063 166 2106; x_wconf 75' lang='lat' dir='ltr'>qui</span> <span class='ocrx_word' id='word_1_504' title='bbox 183 2072 294 2096; x_wconf 87' lang='lat' dir='ltr'>recus.</span> <span class='ocrx_word' id='word_1_505' title='bbox 317 2082 361 2087; x_wconf 88' lang='lat'>—</span> <span class='ocrx_word' id='word_1_506' title='bbox 381 2066 618 2108; x_wconf 64' lang='lat' dir='ltr'>arguerentur</span> <span class='ocrx_word' id='word_1_507' title='bbox 637 2061 718 2097; x_wconf 78' lang='lat' dir='ltr'>fals.</span> <span class='ocrx_word' id='word_1_508' title='bbox 741 2075 823 2098; x_wconf 89' lang='lat' dir='ltr'>cum</span> <span class='ocrx_word' id='word_1_509' title='bbox 841 2063 1018 2108; x_wconf 72' lang='lat' dir='ltr'>Seyfferto</span> <span class='ocrx_word' id='word_1_510' title='bbox 1032 2064 1171 2109; x_wconf 75' lang='lat' dir='ltr'>Lahm,</span> <span class='ocrx_word' id='word_1_511' title='bbox 1193 2066 1230 2099; x_wconf 84' lang='lat' dir='ltr'>et</span> <span class='ocrx_word' id='word_1_512' title='bbox 1248 2066 1321 2101; x_wconf 89' lang='lat' dir='ltr'>vol.</span> <span class='ocrx_word' id='word_1_513' title='bbox 1335 2066 1443 2107; x_wconf 69' lang='lat' dir='ltr'>Bait,</span> 
     </span>
     <span class='ocr_line' id='line_1_42' title="bbox 101 2108 1443 2157; baseline 0.004 -15"><span class='ocrx_word' id='word_1_514' title='bbox 101 2110 202 2143; x_wconf 83' lang='lat' dir='ltr'>recte</span> <span class='ocrx_word' id='word_1_515' title='bbox 222 2108 362 2144; x_wconf 86' lang='lat' dir='ltr'>Nauck.</span> <span class='ocrx_word' id='word_1_516' title='bbox 384 2130 425 2134; x_wconf 91' lang='lat'>—-</span> <span class='ocrx_word' id='word_1_517' title='bbox 448 2109 487 2144; x_wconf 91' lang='lat' dir='ltr'>P.</span> <span class='ocrx_word' id='word_1_518' title='bbox 511 2114 587 2144; x_wconf 86' lang='lat'>175.</span> <span class='ocrx_word' id='word_1_519' title='bbox 611 2113 651 2142; x_wconf 82' lang='lat'>12</span> <span class='ocrx_word' id='word_1_520' title='bbox 673 2112 758 2146; x_wconf 81' lang='lat' dir='ltr'>odia</span> <span class='ocrx_word' id='word_1_521' title='bbox 778 2113 885 2146; x_wconf 78' lang='lat' dir='ltr'>etiam</span> <span class='ocrx_word' id='word_1_522' title='bbox 911 2112 1016 2146; x_wconf 87' lang='lat' dir='ltr'>codd.</span> <span class='ocrx_word' id='word_1_523' title='bbox 1036 2111 1142 2156; x_wconf 85' lang='lat' dir='ltr'>PDE,</span> <span class='ocrx_word' id='word_1_524' title='bbox 1168 2112 1276 2157; x_wconf 74' lang='lat' dir='ltr'>Bait,</span> <span class='ocrx_word' id='word_1_525' title='bbox 1302 2113 1443 2156; x_wconf 84' lang='lat' dir='ltr'>Lahm.,</span> 
     </span>
     <span class='ocr_line' id='line_1_43' title="bbox 101 2154 1441 2199; baseline 0.003 -9"><span class='ocrx_word' id='word_1_526' title='bbox 101 2154 255 2199; x_wconf 72' lang='lat' dir='ltr'>Nauck,</span> <span class='ocrx_word' id='word_1_527' title='bbox 276 2157 383 2191; x_wconf 86' lang='lat' dir='ltr'>etiam</span> <span class='ocrx_word' id='word_1_528' title='bbox 401 2158 487 2191; x_wconf 80' lang='lat' dir='ltr'>odia</span> <span class='ocrx_word' id='word_1_529' title='bbox 504 2156 596 2199; x_wconf 85' lang='lat' dir='ltr'>rell.,</span> <span class='ocrx_word' id='word_1_530' title='bbox 617 2156 736 2194; x_wconf 86' lang='lat' dir='ltr'>Halm.</span> <span class='ocrx_word' id='word_1_531' title='bbox 759 2179 799 2183; x_wconf 96' lang='lat'><strong>—</strong></span> <span class='ocrx_word' id='word_1_532' title='bbox 815 2158 853 2192; x_wconf 94' lang='lat' dir='ltr'>P.</span> <span class='ocrx_word' id='word_1_533' title='bbox 871 2164 946 2194; x_wconf 84' lang='lat'>175.</span> <span class='ocrx_word' id='word_1_534' title='bbox 966 2163 1007 2194; x_wconf 86' lang='lat'>15</span> <span class='ocrx_word' id='word_1_535' title='bbox 1028 2161 1177 2194; x_wconf 83' lang='lat' dir='ltr'>disceret</span> <span class='ocrx_word' id='word_1_536' title='bbox 1196 2160 1274 2196; x_wconf 84' lang='lat' dir='ltr'>cod.</span> <span class='ocrx_word' id='word_1_537' title='bbox 1289 2160 1330 2195; x_wconf 92' lang='lat' dir='ltr'>P.</span> <span class='ocrx_word' id='word_1_538' title='bbox 1345 2181 1389 2186; x_wconf 91' lang='lat'>—</span> <span class='ocrx_word' id='word_1_539' title='bbox 1403 2160 1441 2194; x_wconf 92' lang='lat' dir='ltr'>P.</span> 
     </span>
     <span class='ocr_line' id='line_1_44' title="bbox 105 2203 1442 2254; baseline 0.004 -17"><span class='ocrx_word' id='word_1_540' title='bbox 105 2207 182 2238; x_wconf 88' lang='lat'>175.</span> <span class='ocrx_word' id='word_1_541' title='bbox 211 2208 254 2239; x_wconf 89' lang='lat'>16</span> <span class='ocrx_word' id='word_1_542' title='bbox 266 2215 318 2247; x_wconf 87' lang='lat' dir='ltr'>sq.</span> <span class='ocrx_word' id='word_1_543' title='bbox 345 2209 522 2248; x_wconf 78' lang='lat' dir='ltr'>quatenus</span> <span class='ocrx_word' id='word_1_544' title='bbox 546 2203 626 2239; x_wconf 84' lang='lat' dir='ltr'>cod.</span> <span class='ocrx_word' id='word_1_545' title='bbox 653 2205 681 2238; x_wconf 92' lang='lat' dir='ltr'>P</span> <span class='ocrx_word' id='word_1_546' title='bbox 707 2207 760 2249; x_wconf 86' lang='lat' dir='ltr'>(et</span> <span class='ocrx_word' id='word_1_547' title='bbox 777 2206 856 2250; x_wconf 84' lang='lat' dir='ltr'>E‘?),</span> <span class='ocrx_word' id='word_1_548' title='bbox 882 2207 962 2241; x_wconf 85' lang='lat' dir='ltr'>rell.</span> <span class='ocrx_word' id='word_1_549' title='bbox 989 2206 1050 2241; x_wconf 88' lang='lat' dir='ltr'>vel</span> <span class='ocrx_word' id='word_1_550' title='bbox 1074 2208 1249 2252; x_wconf 77' lang='lat' dir='ltr'>quatinus</span> <span class='ocrx_word' id='word_1_551' title='bbox 1274 2209 1333 2242; x_wconf 83' lang='lat' dir='ltr'>vel</span> <span class='ocrx_word' id='word_1_552' title='bbox 1358 2220 1442 2254; x_wconf 79' lang='lat' dir='ltr'>quo-</span> 
     </span>
    </p>
   </div>
   <div class='ocr_carea' id='block_1_5' title="bbox 102 2248 1516 2299">
    <p class='ocr_par' dir='ltr' id='par_1_5' title="bbox 102 2248 1516 2299">
     <span class='ocr_line' id='line_1_45' title="bbox 102 2248 1516 2299; baseline 0.004 -15"><span class='ocrx_word' id='word_1_553' title='bbox 102 2254 215 2286; x_wconf 82' lang='lat' dir='ltr'>tenus.</span> <span class='ocrx_word' id='word_1_554' title='bbox 243 2271 286 2276; x_wconf 89' lang='lat'>—</span> <span class='ocrx_word' id='word_1_555' title='bbox 316 2250 356 2285; x_wconf 93' lang='lat' dir='ltr'>P.</span> <span class='ocrx_word' id='word_1_556' title='bbox 392 2255 469 2287; x_wconf 85' lang='lat'>175.</span> <span class='ocrx_word' id='word_1_557' title='bbox 502 2256 542 2286; x_wconf 90' lang='lat'>17</span> <span class='ocrx_word' id='word_1_558' title='bbox 574 2251 613 2285; x_wconf 89' lang='lat' dir='ltr'>in</span> <span class='ocrx_word' id='word_1_559' title='bbox 638 2254 812 2299; x_wconf 68' lang='lat' dir='ltr'>proyredi</span> <span class='ocrx_word' id='word_1_560' title='bbox 842 2253 999 2288; x_wconf 84' lang='lat' dir='ltr'>alterum</span> <span class='ocrx_word' id='word_1_561' title='bbox 1029 2266 1050 2289; x_wconf 85' lang='lat' dir='ltr'>r</span> <span class='ocrx_word' id='word_1_562' title='bbox 1080 2265 1258 2299; x_wconf 83' lang='lat' dir='ltr'>superscr.</span> <span class='ocrx_word' id='word_1_563' title='bbox 1290 2254 1330 2288; x_wconf 88' lang='lat' dir='ltr'>in</span> <span class='ocrx_word' id='word_1_564' title='bbox 1361 2255 1441 2290; x_wconf 83' lang='lat' dir='ltr'>cod.</span> <span class='ocrx_word' id='word_1_565' title='bbox 1511 2248 1516 2252; x_wconf 50' lang='lat'><strong>⁴</strong></span> 
     </span>
    </p>
   </div>
   <div class='ocr_carea' id='block_1_6' title="bbox 103 2297 1432 2344">
    <p class='ocr_par' dir='ltr' id='par_1_6' title="bbox 103 2297 1432 2344">
     <span class='ocr_line' id='line_1_46' title="bbox 103 2297 1432 2344; baseline 0.005 -14"><span class='ocrx_word' id='word_1_566' title='bbox 103 2297 147 2340; x_wconf 75' lang='lat'>1³3</span> <span class='ocrx_word' id='word_1_567' title='bbox 174 2297 222 2331; x_wconf 88' lang='lat' dir='ltr'>ad.</span> <span class='ocrx_word' id='word_1_568' title='bbox 245 2310 280 2344; x_wconf 90' lang='lat' dir='ltr'>p.</span> <span class='ocrx_word' id='word_1_569' title='bbox 306 2302 381 2334; x_wconf 88' lang='lat'>166.</span> <span class='ocrx_word' id='word_1_570' title='bbox 403 2303 458 2333; x_wconf 88' lang='lat'>31.</span> <span class='ocrx_word' id='word_1_571' title='bbox 487 2319 529 2324; x_wconf 83' lang='lat'>—-</span> <span class='ocrx_word' id='word_1_572' title='bbox 555 2299 594 2333; x_wconf 90' lang='lat' dir='ltr'>P.</span> <span class='ocrx_word' id='word_1_573' title='bbox 618 2302 694 2334; x_wconf 91' lang='grc'>175.</span> <span class='ocrx_word' id='word_1_574' title='bbox 717 2305 759 2335; x_wconf 87' lang='grc'>19</span> <span class='ocrx_word' id='word_1_575' title='bbox 784 2300 1001 2336; x_wconf 79' lang='lat' dir='ltr'>Vecellinum</span> <span class='ocrx_word' id='word_1_576' title='bbox 1018 2300 1185 2337; x_wconf 80' lang='lat' dir='ltr'>Momms.</span> <span class='ocrx_word' id='word_1_577' title='bbox 1211 2313 1302 2336; x_wconf 82' lang='lat' dir='ltr'>mus.</span> <span class='ocrx_word' id='word_1_578' title='bbox 1323 2302 1432 2336; x_wconf 83' lang='lat' dir='ltr'>Rhen</span> 
     </span>
    </p>
   </div>
  </div>
 </body>
</html>
