1663 2490
419 21 505 56 ΜΒ.
533 21 559 56 1.
598 21 699 56 CAP.
725 25 781 65 23,
807 25 863 56 24.
902 24 921 64 9
947 25 1094 56 79-84.
1369 20 1425 60 29

88 129 275 185 reperias
308 129 498 182 multos‚.
524 129 679 182 quibus
718 127 957 183 periculosa
995 130 1038 169 et
1075 127 1214 169 calida
1245 127 1426 168 consilia

87 188 243 243 quietis
276 190 318 229 et
349 187 551 243 cogitatis
592 187 881 242 splendidiora
917 189 960 229 et
992 186 1156 228 maiora
1186 185 1425 227 videantur.

86 246 334 301 Numquam
372 246 545 287 omnino
589 246 766 301 periculi
808 245 913 302 fuga
956 245 1309 288 committendum
1349 246 1426 297 est,

86 307 135 347 ut
170 305 351 347 inbelles
390 303 614 358 timidique
652 304 889 358 videamur,
927 304 999 346 sed
1036 303 1286 359 fugiendum
1319 303 1425 344 illud

51 375 67 401 ⁵
87 363 229 418 etiam,
260 378 312 405 ne
339 363 566 405 offeramus
592 377 670 404 nos
696 363 896 418 periculis
922 363 1012 404 sine
1044 377 1185 415 causa,
1218 376 1301 416 quo
1333 375 1426 403 esse

86 423 195 464 nihil
220 425 365 477 potest
390 422 578 463 stultius.
627 421 897 477 Quapropter
922 422 967 463 in
993 421 1195 463 adeundis
1225 421 1425 475 periculis

87 481 347 523 consuetudo
374 480 583 522 imitanda
608 481 869 522 medicorum
895 484 972 535 est,
1004 480 1075 535 qui
1101 480 1254 521 leviter
1280 493 1426 545 aegro-

87 543 229 582 tantes
262 539 416 581 leniter
447 541 610 593 curant,
646 539 915 594 gravioribus
949 542 1091 581 autem
1123 538 1286 580 morbis
1319 538 1426 592 peri-

87 599 253 641 culosas
268 598 508 641 curationes
524 601 566 639 et
581 598 788 655 ancipites
809 598 1010 640 adhibere
1031 600 1253 654 coguntur.
1286 595 1426 645 Quare

37 670 69 695 ιο
87 672 132 699 111
162 657 398 711 tranquillo
431 660 734 712 tempestatem
774 657 996 699 adversam
1035 660 1186 711 optare
1218 656 1426 697 dementis

88 719 164 770 est,
197 716 422 758 subvenire
449 719 592 757 autem
617 716 867 771 tempestati
894 716 1044 770 quavis
1071 716 1237 757 ratione
1263 714 1427 770 sapien

87 775 156 829 tis,
188 789 321 830 eoque
354 775 506 830 magis,
537 775 574 816 si
606 775 702 829 plus
736 775 971 830 adipiscare
1004 789 1048 816 re
1081 774 1294 829 explicata
1327 773 1428 816 boni

89 849 216 889 quam
243 833 496 876 addubitata
520 834 636 875 mali.
677 833 946 876 Periculosae
972 837 1114 875 autem
1135 848 1277 874 rerum
1298 832 1427 875 actio-

88 907 161 935 nes
188 893 347 948 partim
372 893 424 934 iis
451 895 563 947 sunt,
596 893 668 947 qui
694 907 765 934 eas
792 893 1041 947 suscipiunt,
1073 892 1232 947 partim
1268 891 1328 933 rei
1355 906 1428 946 pu-

37 963 69 989 15
89 952 236 994 blicae.
297 951 492 1005 Itemque
531 952 604 993 3111
643 951 693 992 de
731 951 838 1006 vita,
879 951 953 993 alii
985 951 1035 992 de
1068 951 1208 1007 gloria
1240 953 1282 992 et
1314 950 1427 992 beni·

88 1010 277 1053 volentia
310 1010 466 1052 civium
504 1010 549 1051 in
587 1010 814 1052 discrimen
851 1012 1070 1051 vocantur.
1133 1009 1427 1064 Promptiores

87 1070 222 1125 igitur
248 1069 450 1110 debemus
476 1083 568 1110 esse
596 1069 648 1110 ad
674 1071 824 1110 nostra
849 1069 1039 1124 pericula
1072 1083 1199 1123 quam
1234 1068 1285 1109 ad
1318 1082 1427 1110 com-

88 1128 234 1170 munia
259 1127 543 1182 dimicareque
569 1128 762 1183 paratius
790 1127 840 1169 de
865 1128 1027 1170 honore
1054 1131 1096 1168 et
1128 1127 1267 1183 gloria
1300 1141 1428 1181 quam

90 1188 140 1229 de
171 1187 323 1229 ceteris
357 1187 603 1228 commodis.

37 1257 70 1282 20
176 1245 345 1287 Inventi
371 1248 514 1287 autem
546 1245 671 1287 multi
698 1248 808 1299 sunt,
836 1246 907 1300 qui
933 1260 1020 1288 non
1045 1245 1171 1288 modo
1193 1245 1428 1300 pecuniam,

89 1305 163 1347 sed
194 1305 325 1346 etiam
356 1305 490 1346 vitam
528 1304 785 1359 profundere
816 1320 894 1360 pro
926 1305 1068 1360 patria
1099 1304 1241 1360 parati
1274 1306 1428 1356 essent,

88 1364 217 1406 iidem
255 1363 418 1420 gloriae
459 1364 670 1405 iacturam
707 1378 760 1405 116
805 1364 1027 1405 minimam
1074 1363 1246 1418 quidem
1288 1363 1428 1404 faceie

88 1423 267 1476 vellent,
309 1437 362 1464 ne
400 1437 444 1463 re
481 1423 653 1477 publica
692 1422 862 1477 quidem
902 1423 1171 1478 postulante3
1214 1425 1263 1463 ut
1300 1420 1430 1464 Calli-

88 1481 288 1535 orandas,
320 1481 392 1536 qui
424 1496 519 1523 cum
550 1481 984 1523 Lacedaemoniorum
1017 1482 1099 1522 dux
1130 1481 1284 1522 fuisset
1309 1481 1428 1522 Pelo-

37 1552 70 1578 25
89 1541 346 1596 ponnesiaco
378 1540 491 1582 bello
524 1541 745 1595 multaque
775 1540 948 1582 fecisset
986 1540 1175 1596 egregie,
1213 1540 1345 1581 vertit
1377 1539 1429 1581 ad

89 1603 327 1642 extremum
360 1599 514 1653 omnia,
546 1614 641 1641 cum
673 1599 851 1641 consilio
883 1614 968 1641 non
995 1600 1139 1655 paruit
1165 1613 1324 1652 eorum,
1358 1599 1429 1653 qui

89 1659 270 1701 classem
297 1658 350 1699 ab
377 1658 607 1714 Arginusis
639 1658 941 1700 removendam
972 1674 1049 1701 nec
1075 1673 1171 1700 cum
1197 1658 1429 1699 Athenien-

90 1718 207 1759 sibus
229 1717 515 1759 dimicandum
540 1718 770 1773 putabant3
796 1718 950 1772 quibus
970 1718 1042 1759 ille
1063 1717 1284 1772 respondit
1303 1716 1429 1759 Lace-

91 1777 337 1818 daemonios
376 1777 512 1818 classe
549 1777 628 1818 illa
660 1777 819 1818 amissa
851 1777 981 1818 aliam
1013 1791 1166 1832 parare
1197 1790 1342 1831 posse,
1384 1789 1429 1817 se

38 1846 71 1872 30
89 1835 238 1891 fugere
272 1835 361 1876 sine
395 1850 470 1876 suo
504 1835 706 1877 dedecore
736 1849 823 1877 non
853 1850 991 1890 posse.
1042 1837 1185 1890 Atque
1211 1835 1316 1877 haec
1342 1835 1430 1889 qui-

90 1895 186 1936 dem
204 1894 552 1936 Lacedaemoniis
573 1895 704 1949 plaga
726 1894 963 1949 mediocris,
988 1895 1066 1936 illa
1090 1894 1309 1949 pestifera,
1334 1908 1430 1948 qua,

90 1968 185 1996 cum
217 1952 518 1995 Cleombrotus
555 1953 761 1995 invidiam
798 1953 955 1995 timens
994 1956 1154 1995 temere
1192 1968 1287 1995 cum
1319 1952 1431 2008 Epa-

89 2012 291 2054 minonda
311 2012 582 2067 conflixisset,
601 2012 1035 2054 Lacedaemoniorum
1050 2027 1151 2068 opes
1167 2014 1429 2054 corruerunt.

91 2070 260 2120 Quanto
293 2070 340 2120 Q.
371 2070 585 2112 Maximus
618 2072 788 2113 melius!
823 2071 872 2113 de
907 2086 988 2125 quo
1022 2071 1204 2113 Ennius:

19 2139 72 2166 -55
148 2129 287 2171 Unus
318 2130 466 2172 homo
498 2130 646 2172 nobis
679 2131 961 2172 cunctando
994 2130 1232 2172 restituit
1262 2144 1375 2171 rem.

148 2187 375 2230 Noenum
406 2203 636 2231 rumores
667 2190 884 2244 ponebat
916 2192 1032 2231 ante
1064 2190 1296 2231 salutem.

148 2247 283 2302 Ergo
303 2248 1430 2304 postquemagisquevirinuncgloriaclaret.

1452 254 1495 286 83

1456 1257 1498 1289 84
