1673 2505
246 73 332 114 262
764 71 1064 107 FRAGMENTA

248 180 484 234 absolutus,
518 180 554 221 si
587 182 661 221 aut
692 179 800 221 illud
830 178 1032 220 iudicium
1065 180 1139 220 aut
1169 178 1247 219 illa
1273 177 1488 220 absolutio
1513 191 1585 218 no-

247 239 449 281 minanda
481 241 556 280 est.

393 299 502 340 Ante
532 311 702 350 annum,
732 310 856 349 quam
885 295 981 337 haec
1005 296 1241 346 dicerentur,
1273 294 1466 349 Catilina,
1497 308 1587 336 eum

306 358 472 399 redisset
506 369 555 398 ex
583 356 752 407 Africa,
793 355 996 407 Torquato
1033 357 1070 395 et
1099 353 1215 396 Cotta
1251 367 1345 396 coss.
1377 356 1588 395 accusatus

307 419 364 458 est
393 414 709 468 repetundarum
740 427 767 454 a
798 413 845 455 P.
878 412 1018 455 Clodio
1049 413 1310 466 adulescente,
1348 414 1418 465 qui
1449 415 1589 465 postea

307 475 499 515 inimicus
541 472 745 514 Ciceronis
784 472 878 524 fuit.
950 472 1154 524 Defensus
1195 475 1253 513 est
1295 471 1496 524 Catilina,
1544 474 1592 512 ut

308 532 534 574 Fenestella
566 532 703 581 tradit,
734 545 762 572 a
791 531 854 572 M.
887 529 1084 572 Cicerone.
1148 529 1264 582 Quod
1291 544 1358 583 eqo
1389 534 1436 572 ut
1464 530 1590 571 addu-

309 592 445 640 bitem,
483 590 578 631 liaee
609 591 701 642 ipsa
732 589 934 631 Ciceronis
965 590 1094 630 oratio
1122 589 1241 642 facit,
1278 589 1455 630 maxime
1485 589 1592 640 quod

309 651 346 691 is
374 649 534 691 nullam
565 649 805 689 mentionem
836 648 896 688 rei
919 648 1047 701 habet,
1077 661 1169 689 eum
1186 648 1367 700 potuerit
1390 648 1590 688 invidiam

307 708 440 760 faeere
479 708 726 760 competitori
770 710 854 747 tam
893 707 1063 759 turpiter
1105 707 1297 747 adversus
1339 719 1380 748 se
1423 706 1589 756 coeunti,

301 767 546 820 praesertim
576 779 667 807 cum
698 765 871 806 alterum
902 765 1192 818 competitorem
1216 777 1336 806 suum
1361 765 1590 807 Antonium

309 827 355 867 in
392 826 529 866 eadem
565 824 641 865 hac
678 825 858 865 oratione
895 837 1022 876 supra
1058 824 1274 865 admoneat
1302 837 1375 865 suo
1407 823 1590 876 beneficio

309 897 400 926 eum
436 897 484 925 ex
520 884 663 924 ultimo
698 883 779 924 loco
803 885 1026 935 praeturae
1055 883 1319 923 candidatum
1344 883 1591 931 adtertium

301 943 532 996 pervenisse
542 956 553 981 .-

339 1001 377 1043 5.
409 1000 560 1042 Nescis
594 1014 660 1041 me
694 1002 937 1054 praetorem
975 999 1163 1054 primum
1201 1013 1293 1040 esse
1329 999 1510 1053 factum,
1547 1002 1590 1041 te

251 1060 523 1102 concessione
550 1059 881 1113 competitorum
908 1060 950 1099 et
976 1058 1219 1099 conlatione
1241 1058 1528 1100 centuriarum
1549 1060 1591 1099 et

251 1134 346 1160 meo
378 1118 562 1159 maxime
593 1117 797 1158 beneficio
831 1131 881 1158 ex
912 1119 1131 1171 postremo
1163 1116 1208 1157 in
1239 1117 1415 1158 tertium
1449 1117 1591 1159 locum

252 1192 343 1219 esse
377 1176 645 1219 subiectum?

400 1236 480 1287 Qui
511 1236 637 1288 iyitur
662 1235 845 1276 Antonio
870 1233 1207 1287 suffragiationem
1237 1247 1356 1275 suam
1387 1235 1590 1288 imputan-

309 1296 405 1336 dam
430 1297 569 1346 putat,
606 1294 642 1335 is
672 1294 710 1334 si
746 1293 983 1345 defendisset
1013 1292 1255 1346 Catilinam,
1293 1296 1415 1346 caput
1449 1294 1535 1335 eius
1565 1308 1592 1334 a

309 1367 349 1395 se
371 1355 597 1406 protectum
634 1365 767 1393 nonne
804 1351 1050 1405 imputaret?
1114 1351 1229 1403 Quod
1258 1352 1318 1392 ita
1348 1365 1428 1393 esse
1457 1353 1591 1393 mani-

307 1413 456 1464 festum
487 1414 544 1453 est
571 1425 620 1452 ex
651 1424 704 1461 eo,
736 1412 843 1463 quod
870 1411 1009 1452 statim
1040 1411 1148 1452 dicit.
1211 1409 1255 1461 Q.
1287 1411 1394 1452 enim
1425 1411 1592 1453 Mucius

310 1474 358 1512 tr.
378 1471 435 1523 pl.
462 1470 734 1522 intercedebat,
759 1483 809 1510 nc
829 1470 891 1511 lex
911 1470 1088 1511 ambitus
1110 1469 1306 1521 ferretum
1333 1470 1440 1522 quod
1460 1470 1592 1521 facere

302 1543 382 1582 pro
409 1528 592 1571 Catilina
615 1529 833 1570 videbatur.
877 1528 1005 1570 Hunc
1028 1528 1218 1570 Illucium
1243 1529 1288 1570 in
1313 1528 1389 1570 leae
1413 1529 1592 1570 oratione

309 1589 520 1641 appellans
552 1586 686 1629 Cicero
716 1588 773 1629 sic
803 1589 885 1628 ait:

341 1648 377 1689 6.
411 1646 469 1688 Te
508 1649 670 1701 tamen,
709 1645 755 1694 Q.
786 1646 916 1699 Muci,
958 1648 1049 1687 tam
1087 1646 1199 1688 male
1238 1646 1288 1687 de
1318 1647 1477 1701 populo
1510 1645 1591 1688 Ro-

252 1720 378 1747 mano
401 1705 645 1747 existimare
665 1705 847 1747 moleste
866 1704 969 1760 fero,
997 1705 1070 1759 qui
1094 1704 1297 1747 hesterna
1317 1705 1382 1746 die
1409 1720 1476 1746 me
1499 1720 1590 1747 esse

251 1765 428 1821 dignum
461 1765 685 1806 consulatu
723 1765 925 1820 negabas.
989 1763 1124 1812 Quid?
1162 1780 1202 1819 p.
1234 1763 1282 1806 R.
1322 1765 1461 1806 minus
1501 1764 1592 1806 dili-

251 1826 402 1879 genter
446 1823 528 1864 sibi
578 1824 858 1865 constitueret
902 1822 1168 1865 defensorem
1219 1838 1346 1877 quam
1390 1826 1438 1865 tu
1481 1823 1591 1865 tibi?

251 1882 355 1923 Cum
396 1885 532 1924 tecum
568 1882 676 1924 furti
706 1882 750 1923 L.
785 1882 968 1924 Calenus
1008 1884 1171 1938 ageret,
1213 1897 1279 1923 me
1316 1882 1591 1937 potissimum

248 1941 520 1982 fortunarum
552 1943 724 1982 tuarum
755 1944 985 1996 patronum
1025 1955 1116 1982 esse
1153 1941 1347 1994 voluisti3
1389 1941 1505 1983 cuius
1543 1943 1591 1982 tu

249 2000 509 2054 praesidium
547 2000 591 2040 in
635 2003 710 2041 tua
754 2000 1005 2055 turpissima
1049 2014 1176 2041 causa
1220 1999 1435 2054 delegisti,
1479 2000 1591 2041 hunc

248 2058 652 2100 honestissimarum
690 2073 834 2100 rerum
873 2059 1138 2100 defensorem
1175 2074 1214 2113 p.
1249 2058 1298 2099 R.
1338 2061 1510 2106 auctore
1547 2060 1590 2099 te

247 2117 470 2171 repudiare
503 2118 675 2171 potest?
708 2118 791 2159 nisi
823 2118 933 2159 forte
965 2118 1047 2159 hoe
1072 2117 1261 2158 dicturus
1288 2131 1344 2171 es,
1378 2132 1461 2171 quo
1486 2119 1592 2158 tem-

246 2190 350 2229 pore
381 2190 476 2217 cum
502 2176 547 2217 L.
575 2175 734 2218 Caleno
765 2176 872 2218 furti
904 2177 1105 2231 depectus
1138 2175 1209 2230 siS,
1242 2190 1290 2217 eo
1323 2178 1516 2231 tempore
1547 2175 1592 2216 in

247 2248 313 2275 me
346 2234 427 2275 tibi
458 2249 612 2289 parum
645 2250 736 2276 esse
769 2235 918 2277 auxilii
949 2235 1116 2276 vidisse.

401 2293 549 2336 Verum
580 2297 626 2335 ut
655 2295 778 2348 eyerit
807 2294 926 2336 Ilffuci
956 2307 1122 2336 causam
1155 2292 1310 2348 Cicero,
1349 2293 1453 2334 sicut
1483 2291 1592 2334 Cati·
1637 2320 1641 2333 ⁴

1625 421 1641 448 5

1610 717 1643 742 10

1612 1009 1644 1035 15

1611 1303 1644 1328 20

1610 1596 1643 1622 25

1612 1892 1638 1917 3(

1612 2185 1635 2210 35
