1663 2490
355 99 446 135 LIB.
474 99 536 134 ΙΙΙ.
588 99 687 136 CAP.
716 104 862 135 15-17.
912 103 931 142 ς
957 104 1108 137 63—69.
1324 100 1403 140 111

71 208 124 251 ad
155 207 279 249 fidem
312 207 468 249 bonam
501 207 656 249 statuit
687 207 900 262 pertinere
928 210 1079 249 notum
1105 221 1197 248 esse
1224 207 1404 261 emptori

15 312 18 313 ⁷
70 267 233 320 vitium,
265 265 378 320 quod
402 269 549 307 nosset
573 266 781 308 venditor.
832 265 952 314 Quod
979 266 1015 307 si
1047 268 1160 307 recte
1192 265 1408 317 iudicavit,

68 339 154 367 non
185 326 298 366 recte
330 324 636 366 frumentarius
668 325 760 379 ille,
798 339 884 367 non
921 327 1034 366 recte
1073 324 1240 365 aedium
1279 323 1410 378 pesti-

70 383 248 426 lentium
287 383 483 424 venditor
521 383 667 425 tacuit.
729 381 811 425 Sed
848 383 972 425 huius
1011 383 1125 424 modi
1159 382 1410 423 reticentiae

34 443 159 483 511116
191 441 306 483 civili
339 442 641 497 comprehendi
666 457 752 483 non
778 444 976 497 possunt3
1009 456 1115 496 quae
1143 444 1286 482 autem
1312 455 1409 495 pos-

69 503 181 555 sunt,
213 500 443 555 diligenter
469 503 681 542 tenentur.
729 500 785 542 M.
807 501 970 542 Marius
992 499 1281 553 Gratidianus,
1313 513 1408 554 pro-

67 559 250 614 pinquus
282 562 442 613 noster,
474 558 518 601 C.
539 558 690 614 Sergio
714 559 872 601 Oratae
899 559 1146 601 vendiderat
1173 558 1296 599 aedes
1324 572 1407 611 eas,

69 632 173 672 quas
213 617 266 659 ab
307 617 453 659 eodem
491 618 582 673 ipse
618 618 763 673 paucis
797 621 895 659 ante
928 618 1049 659 annis
1083 620 1257 659 emerat.
1317 616 1407 658 Eae

68 676 330 730 serviebant,
371 676 444 717 sed
480 676 562 718 hoc
599 677 642 717 in
674 677 887 731 mancipio
919 676 1081 718 Marius
1112 691 1199 717 non
1231 675 1408 716 dixerat.

17 747 49 773 ιο
67 734 265 777 Adducta
302 750 369 776 res
407 735 452 776 in
482 735 685 777 iudicium
718 739 795 777 est.
857 735 1034 777 Oratam
1067 734 1265 789 Crassus,
1305 733 1408 775 Gra-

66 794 278 835 tidianum
311 793 564 835 defendebat
595 794 822 835 Antonius.
871 794 942 835 Ius
970 793 1150 836 Crassus
1182 793 1408 849 urguebat,

67 852 195 907 ‘quod
233 852 328 893 vitii
365 853 562 894 venditor
596 868 683 894 non
721 852 897 894 dixisset
935 853 1091 907 sciens,
1127 853 1170 893 id
1208 854 1407 907 oportere

66 910 306 966 praestari',
345 912 606 965 aequitatem
644 911 879 965 Antonius,
919 911 1135 966 ‘quoniam
1174 911 1215 951 id
1254 910 1407 951 vitium

66 971 264 1025 ignotum
285 968 435 1025 Sergio
462 985 545 1011 non
573 970 738 1025 fuisset,
766 970 837 1025 qui
863 971 961 1012 illas
989 970 1113 1011 aedes
1134 969 1407 1023 vendidisset,

15 1041 46 1066 15
64 1029 173 1070 nihil
205 1028 337 1069 fuisse
368 1043 540 1070 neeesse
572 1029 666 1082 dici,
696 1043 773 1070 nec
805 1044 901 1069 eum
935 1043 1026 1070 esse
1054 1029 1289 1082 deceptum,
1322 1028 1407 1082 qui,

64 1087 125 1141 id,
163 1087 493 1142 quodemerat,
535 1102 618 1141 quo
656 1087 747 1129 iure
786 1090 917 1141 esset,
960 1086 1152 1128 teneret.'
1215 1085 1405 1134 Quorsus
1433 1100 1476 1131 68

64 1146 198 1187 haec?
259 1145 320 1187 Ut
356 1145 464 1187 illud
500 1146 750 1201 intellegas,
792 1161 879 1187 non
920 1146 1132 1201 placuisse
1170 1145 1404 1186 maioribus

64 1205 226 1247 nostris
259 1207 440 1246 astutos.

153 1262 236 1305 Sed
267 1264 393 1306 aliter
424 1264 555 1319 leges,
587 1263 714 1305 aliter
745 1263 994 1319 philosophi
1023 1264 1185 1305 tollunt
1210 1263 1405 1317 astutias,
1426 1265 1473 1305 17

11 1322 195 1376 20161165,
226 1325 437 1374 quatenus
463 1337 592 1364 manu
618 1326 762 1364 tenere
788 1325 981 1378 possunt,
1012 1322 1274 1378 philosophi,
1306 1337 1405 1377 (1113-

65 1384 188 1423 tenus
214 1383 380 1423 ratione
408 1384 451 1423 et
472 1381 783 1438 intellegentia.
826 1381 955 1423 Ratio
977 1395 1078 1437 ergo
1099 1381 1180 1423 hoc
1199 1382 1405 1437 postulat,

64 1455 117 1481 ne
150 1440 248 1494 quid
278 1440 493 1493 insidiose,
523 1454 575 1481 ne
603 1440 703 1494 quid
729 1440 942 1495 simulate,
973 1455 1025 1482 ne
1053 1440 1153 1494 quid
1178 1440 1405 1482 fallaciter.

65 1497 228 1540 Suntne
260 1499 394 1555 igitur
424 1498 604 1540 insidiae
636 1499 809 1540 tendere
839 1500 1016 1554 plagas,
1048 1499 1219 1540 etiamsi
1251 1499 1404 1541 excita-

64 1560 186 1599 turus
218 1573 305 1600 non
336 1557 394 1599 sis
425 1572 503 1599 nec
535 1558 808 1613 agitaturus?
839 1558 958 1613 ipsae
991 1558 1104 1599 enim
1134 1557 1251 1599 ferae
1283 1558 1403 1599 nullo

12 1627 46 1653 25
64 1616 314 1670 insequente
353 1631 479 1671 saepe
516 1616 718 1658 incidunt.
781 1615 849 1658 Sic
887 1620 935 1658 tu
979 1617 1102 1658 aedes
1146 1617 1404 1672 proscribas,

62 1675 257 1717 tabulam
278 1678 499 1730 tamquam
519 1676 694 1731 plagam
715 1690 862 1730 ponas,
890 1675 1081 1728 [domum
1102 1678 1279 1730 propter
1297 1675 1404 1717 vitia

62 1734 250 1789 vendas,]
271 1734 317 1775 in
336 1749 429 1776 eam
451 1734 606 1788 aliquis
626 1734 816 1776 incurrat
835 1734 1097 1789 inprudens?
1141 1734 1235 1776 Hoc
1259 1749 1402 1789 quam·
1429 1746 1482 1777 69»

65 1807 192 1847 (1113111
218 1793 340 1834 video
360 1796 538 1848 propter
558 1793 908 1848 depravationem
928 1792 1247 1835 consuetudinis
1267 1808 1404 1848 neque

64 1866 181 1893 more
218 1854 344 1907 turpe
381 1851 532 1893 haberi
568 1866 706 1906 neque
744 1854 818 1893 aut
855 1852 952 1907 lege
996 1852 1152 1894 sanciri
1196 1854 1270 1893 aut
1313 1852 1403 1894 iure

30 1920 46 1946 ⁰
65 1910 197 1965 civili,
237 1913 384 1952 tamen
414 1913 594 1952 naturae
626 1911 721 1966 lege
754 1913 949 1952 sanctum
982 1913 1058 1952 est.
1115 1909 1306 1953 Societas
1339 1915 1405 1953 est

65 1969 176 2010 enim
202 1966 336 2026 (quod
363 1970 444 2011 etsi
471 1984 598 2025 saepe
625 1970 786 2012 dictum
813 1972 890 2024 est,
916 1969 1139 2011 dicendum
1165 1973 1230 2011 est
1258 1972 1403 2011 tamen

64 2027 265 2084 saepius),
297 2028 508 2070 latissime
541 2028 711 2083 quidem
745 2043 851 2083 quae
884 2031 1044 2083 pateat,
1076 2028 1266 2070 omnium
1291 2029 1404 2070 inte1

64 2100 227 2141 omnes,
259 2087 439 2129 interior
471 2102 640 2142 eorum,
672 2088 744 2142 qui
777 2087 964 2128 eiusdem
998 2087 1138 2143 gentis
1172 2087 1276 2142 sint,
1307 2102 1404 2143 pro-

62 2144 157 2200 pior
195 2160 359 2212 eorum,
404 2146 476 2201 qui
521 2146 709 2188 eiusdem
754 2146 954 2188 civitatis.
998 2122 1173 2201 ²³Itaque
1217 2146 1402 2189 maiores

31 2204 181 2245 5aliud
222 2204 287 2246 ius
333 2205 543 2261 gentium,
587 2205 703 2247 aliud
746 2205 812 2246 ius
856 2205 979 2247 civile
1024 2219 1116 2247 esse
1156 2205 1403 2257 voluerunt3

63 2263 175 2317 quod
207 2263 343 2317 civile,
373 2278 460 2305 non
491 2264 605 2305 idem
637 2264 838 2306 continuo
872 2263 1076 2320 gentium,
1113 2264 1225 2319 quod
1258 2238 1403 2305 autem'

62 2321 272 2375 gentium,
308 2322 421 2364 idem
459 2323 583 2365 civile
621 2337 713 2365 esse
752 2323 888 2364 debet.
950 2321 1031 2365 Sed
1062 2337 1142 2365 nos
1174 2323 1264 2364 veri
1298 2321 1402 2365 iuris
