1673 2505
212 70 297 112 270
727 68 1027 103 FRAGMENTA

299 179 338 220 3.
370 178 498 220 Prisc.
524 177 571 218 X
592 180 630 218 3.
656 179 711 218 18
727 190 771 228 p.
797 178 887 216 510.
913 178 966 216 10
992 173 1127 217 Cicero
1152 178 1292 216 eontra
1315 174 1550 217 Metellum:

212 237 294 278 nisi
327 251 472 280 eorum
505 235 634 276 exitio
666 249 753 275 non
784 233 1086 287 requieturam.

298 309 340 349 4.
371 305 529 348 Gellius
553 304 726 346 XVIII
749 307 787 345 7.
812 305 838 344 5
865 327 915 332 ὴ-
944 304 1165 344 contionem
1196 305 1278 344 tria
1307 304 1550 358 sigynifieare,

212 366 342 407 locuni
371 367 683 417 suyyestumque,
713 363 820 403 unde
850 362 969 403 verba
991 362 1144 414 fierent,
1175 363 1279 403 sieut
1302 363 1364 403 M.
1389 360 1551 404 Tullius

210 426 256 465 in
287 424 483 475 oratione,
514 435 616 474 quae
646 421 843 472 inseripla
874 423 931 461 est
960 423 1100 461 eontra
1130 422 1353 462 contionem
1385 421 1430 472 Q.
1461 421 1550 462 Me-
1588 434 1603 459 5

212 483 316 524 telli:
348 480 543 534 Escendi,
574 480 718 532 inquit,
750 479 795 519 in
826 478 1089 532 contionem3
1121 493 1349 520 concursus
1383 481 1448 520 est
1479 494 1551 534 po-

211 541 303 596 puli
334 540 487 581 factus.

300 599 338 640 5.
373 599 508 650 Quint.
540 597 614 638 IX
642 600 679 638 3.
710 599 766 637 40
796 594 885 637 Illa
915 597 1028 649 apud
1055 595 1283 639 Ciceronem
1314 598 1423 638 mira
1453 598 1552 650 fiyu-

211 671 355 699 rarum
380 658 562 698 mixtura
586 654 904 708 deprehenditur,
938 656 983 695 in
1014 669 1095 707 qua
1120 659 1158 696 et
1177 656 1365 708 primum
1390 656 1552 697 verbum

213 718 328 769 lonyo
352 719 447 769 post
476 714 687 756 intervallo
717 714 919 754 redditum
950 717 1008 755 est
1029 714 1220 755 ultimum
1245 717 1282 754 et
1305 715 1439 755 media
1461 716 1551 767 pri·
1572 727 1605 750 ιο

211 777 290 817 niis
321 778 359 816 et
387 774 530 815 mediis
559 773 708 814 ultima
738 775 983 825 eonyruunt:
1015 771 1220 813 Vestrum
1251 772 1335 813 iam
1369 772 1438 814 hic
1468 772 1552 814 fac-

211 837 305 875 tum
343 831 686 887 reprehenditur,
723 832 870 885 patres
903 830 1150 884 conscripti,
1188 845 1275 872 non
1306 845 1466 885 meum,
1505 846 1552 872 ac

212 891 548 947 pulcherrimum
588 889 758 944 quidem
794 889 976 942 factum,
1019 904 1185 944 verum,
1227 892 1275 930 ut
1320 889 1423 943 dixi,
1466 904 1554 931 non

214 966 366 1004 meum,
399 949 472 990 sed
502 951 706 990 vestrum.
755 947 838 1001 (Cf.
868 948 971 989 Isid.
1003 947 1063 988 II
1086 951 1153 990 21.
1185 952 1213 990 8
1246 951 1284 989 et
1312 949 1406 989 inde
1436 952 1552 1001 repet.

212 1010 363 1051 Aneecl.
395 1008 532 1049 Eelcst.
559 1022 603 1060 χ).
635 1007 719 1060 15.)
1573 1020 1606 1044 15

301 1080 339 1120 6.
367 1078 503 1131 Quint.
528 1077 603 1118 IX
619 1081 656 1119 3.
677 1080 732 1117 43
757 1076 909 1119 Sensus
932 1091 1084 1130 quoque
1109 1079 1192 1131 toti,
1217 1079 1553 1130 quemadmodum

211 1140 430 1191 coeperunt,
461 1137 673 1178 desinunt:
704 1134 836 1176 Venit
868 1151 918 1176 ex
946 1135 1064 1177 Asia.
1126 1136 1219 1177 Hoc
1250 1136 1392 1191 ipsum
1425 1151 1552 1190 quam

210 1197 387 1238 novum!
427 1195 625 1236 tribunus
664 1194 721 1248 pl.
759 1195 877 1235 venit
909 1209 959 1235 ex
990 1195 1112 1236 Asia!
1165 1195 1221 1236 In
1253 1196 1388 1236 eadem
1420 1199 1551 1237 tamen

207 1256 372 1308 periodo
404 1254 434 1307 ’ἱ-
465 1257 501 1295 et
529 1254 692 1294 verbum
722 1253 914 1294 ultimum
937 1255 1124 1305 primum
1161 1254 1352 1306 refertur,
1391 1255 1553 1295 tertium

210 1316 297 1355 iani
327 1326 527 1361 sermone;
559 1312 759 1352 adiectum
790 1315 847 1353 est
876 1313 1005 1353 enim:
1037 1314 1333 1353 verumtamen
1364 1312 1494 1354 venit.
1572 1335 1606 1360 20

302 1384 339 1425 7.
372 1383 508 1435 Quint.
539 1382 614 1423 IX
641 1385 678 1423 3.
711 1383 765 1423 45
797 1382 1045 1435 Aliquando,
1078 1383 1183 1424 sieut
1211 1383 1256 1423 in
1282 1383 1553 1435 yeminatione

210 1442 420 1483 verborum
450 1442 647 1493 diximus,
685 1441 809 1482 initia
844 1454 998 1493 quoque
1033 1444 1070 1482 et
1106 1441 1311 1482 clausulae
1340 1443 1552 1483 sententia-

211 1515 305 1541 rum
335 1501 449 1553 aliis,
486 1500 555 1541 sed
589 1513 671 1540 non
701 1499 784 1540 alio
816 1499 1066 1540 tendentibus
1096 1499 1224 1541 verbis
1255 1500 1361 1541 inter
1390 1513 1431 1541 se
1462 1513 1551 1541 eon-

210 1562 374 1612 sonant,
406 1559 530 1599 initia
559 1557 631 1599 hoe
661 1558 802 1598 niodo:
844 1557 1077 1599 dediderim
1108 1558 1308 1612 periculis
1341 1558 1551 1612 omnibus,

212 1617 444 1659 obtulerim
470 1616 648 1669 insidiis,
681 1616 908 1657 obiecerim
939 1616 1136 1669 invidiae,
1171 1630 1317 1658 rursus
1347 1617 1553 1658 clausulae
1571 1627 1604 1653 25

210 1677 357 1718 ibidem
381 1676 542 1717 statim:
570 1689 643 1716 vos
671 1675 783 1716 enim
811 1675 1038 1729 statuistiS,
1064 1689 1140 1716 vos
1165 1675 1423 1716 sententiam
1450 1676 1551 1716 dixi-

214 1735 310 1788 stis,
342 1749 419 1776 vos
451 1733 685 1775 iudicastis.

301 1805 338 1846 8.
374 1804 510 1856 Quint.
541 1804 616 1844 IX
644 1807 682 1845 3.
713 1807 769 1845 49
799 1804 941 1845 Mixta
971 1817 1124 1856 quoque
1154 1807 1191 1845 et
1220 1805 1326 1846 idem
1356 1808 1393 1846 et
1423 1806 1551 1846 diver-

211 1878 302 1904 sum
321 1864 598 1916 siynifieantia
623 1862 942 1916 (congyeruntur),
967 1863 1075 1915 quod
1098 1866 1135 1903 et
1154 1864 1286 1915 ipsum
1307 1861 1550 1917 ὃιαλλαγήν

211 1925 370 1962 vocant:
415 1920 580 1970 Quaero
620 1921 673 1962 ab
710 1920 913 1974 inimicis,
959 1921 1098 1962 sintne
1135 1921 1240 1963 haec
1277 1921 1551 1977 investigata,
1572 1933 1606 1957 30

212 1982 449 2034 comperta,
480 1979 710 2034 patefacta,
746 1979 928 2033 sublata,
962 1979 1112 2034 deleta,
1146 1980 1334 2021 extincta
1365 1995 1441 2035 per
1472 1995 1550 2022 me.

300 2050 337 2090 9.
366 2050 502 2101 Quint.
528 2050 604 2090 IX
625 2053 663 2091 3.
688 2051 742 2091 50
765 2050 826 2090 Et
854 2049 926 2091 lioe
956 2053 1090 2090 autem
1121 2051 1344 2103 exemplum
1375 2053 1413 2091 et
1440 2063 1552 2103 supe-

210 2109 298 2150 rius
329 2109 458 2149 aliam
489 2122 641 2161 quoque
672 2108 856 2160 efficiunt
884 2109 1073 2162 fiyuram,
1104 2122 1206 2161 quae
1236 2110 1334 2161 quia
1365 2109 1552 2150 coniunc-

212 2167 387 2208 tionibus
406 2171 524 2216 earet‚
544 2167 752 2208 dissolutio
771 2170 947 2208 vocatur.
962 2191 1019 2195 ——-
1041 2166 1205 2208 Utimur
1222 2167 1298 2208 hae
1316 2168 1452 2220 fiyura
1469 2180 1553 2208 non

209 2226 255 2266 in
286 2226 461 2279 sinyulis
491 2226 606 2266 inodo
637 2225 782 2276 verbis,
819 2226 889 2266 sed
916 2226 1122 2266 sententiis
1159 2227 1298 2279 etiarn,
1339 2229 1386 2266 ut
1417 2224 1552 2268 Cicero
1571 2234 1604 2261 35

211 2284 311 2325 dicit
344 2287 485 2325 eontra
521 2284 744 2325 contionem
780 2284 957 2325 Metelli:
1001 2282 1082 2331 Qui
1119 2284 1435 2338 indicabantur,
1480 2298 1552 2325 eos

1645 2314 1648 2324 ι
