1673 2505
398 58 675 95 PHILOSOPH.
703 60 740 94 F.
769 60 799 94 V
826 63 973 95 32-42.
1273 60 1356 101 317

21 170 146 224 fiteri,
184 169 302 222 idque
331 182 460 210 imum
490 182 570 210 esse
599 169 804 222 dixerunt,
843 168 951 220 quod
978 168 1248 220 disputatione
1277 182 1359 209 non

21 231 145 281 eyeat,
181 228 288 280 quod
321 241 436 268 nemo
473 230 531 269 est
565 229 636 279 qui
672 241 754 268 non
791 230 955 280 expetat.
993 251 1050 256 —
1088 224 1150 278 Cf.
1189 226 1359 278 Quintil.

29 287 71 329 V
92 289 157 327 14.
188 290 242 327 13
272 286 388 327 Haec
415 287 640 339 propositio
678 289 752 327 aut
787 286 966 337 confessa
997 288 1053 326 est
1086 309 1135 314 —
1169 288 1243 325 aut
1267 299 1359 337 pro-

21 345 167 397 banda,
196 348 262 386 ut:
296 344 393 396 ‘Qui
422 344 579 386 beatam
609 346 736 385 vitam
764 346 892 386 vivere
921 344 1034 395 volet,
1057 343 1361 396 philosophetur

0 402 206 456 ‘›oportet’;
243 416 326 444 non
363 404 470 444 enim
506 404 753 452 conceditur;
791 407 918 444 cetera
953 404 1065 456 sequi
1099 403 1183 444 nisi
1218 402 1360 455 confir-

21 465 133 504 mata
157 462 300 514 prima
323 465 443 514 parte
472 475 554 503 non
578 465 762 514 possunt.
811 462 916 503 Item
941 462 1170 514 adsumptio
1197 461 1361 502 interim

20 521 200 572 confessa
243 524 315 573 est,
358 524 423 561 ut:
472 520 641 562 ‘Omnes
684 524 818 562 autem
857 521 997 562 volunt
1038 521 1195 562 beatam
1236 521 1362 561 vitam

19 578 178 621 vivere’.
213 604 265 608 —
300 577 404 620 Inde
434 578 516 621 Iul.
557 578 692 621 Victor
721 584 747 621 9
771 593 815 632 p.
846 583 940 621 410.
968 583 1023 621 14
1053 579 1196 621 Halm.

109 649 177 690 37.
204 650 311 691 Non..
330 663 374 702 p.
399 652 498 691 284.
527 652 585 691 32
608 649 671 691 M.
700 649 862 691 Tullius
886 651 933 690 in
957 649 1200 691 Hortensio:
1233 664 1362 703 quan-

0 709 114 749 »tum
151 708 264 749 inber
302 722 346 749 se
383 707 579 750 homines
618 708 790 761 studiis,
834 708 1044 762 moribus,
1088 709 1205 749 omni
1248 708 1363 749 vitae

19 766 186 808 ratione
220 767 431 808 differant.

109 837 176 879 38.
204 837 312 878 Non.
336 851 379 890 p.
405 840 494 879 155.
520 841 573 879 13
598 838 660 879 M.
683 837 845 879 Tullius
875 861 922 866 —
952 838 998 879 in
1023 837 1262 879 Hortensio:
1293 837 1360 878 his

21 896 260 938 contrarius
288 895 438 937 Aristo
465 895 609 950 Chius,
635 896 915 950 praefractus,
943 896 1122 937 ferreus:
1154 896 1263 937 nihil
1289 896 1361 937 bo·

19 968 141 1008 num,
172 955 256 995 nisi
290 955 403 1009 quod
434 958 597 997 rectum
631 958 759 1009 atque
791 955 1023 997 honestum
1056 958 1133 997 est.

0 1049 2 1056 ι
109 1025 176 1066 39.
214 1026 473 1078 Auffustinus
517 1027 563 1066 (le
605 1026 721 1067 beata
756 1026 840 1067 vita
880 1026 925 1067 T.
963 1026 995 1066 I
1018 1040 1063 1078 p.
1093 1028 1181 1068 225
1215 1026 1273 1079 F,
1316 1027 1363 1067 de

20 1085 149 1125 trinit.
186 1084 320 1125 XIII
344 1086 381 1126 5.
413 1088 440 1126 8
474 1085 519 1127 Τ.
559 1085 625 1125 VI
653 1099 697 1137 p.
730 1088 811 1126 660
841 1084 886 1126 B
923 1084 1075 1126 Bened.
1106 1085 1230 1126 Antv.
1264 1085 1360 1125 Tul-

21 1143 101 1185 lius
132 1144 178 1184 in
208 1143 445 1195 Hortensio,
485 1157 602 1196 quem
632 1144 678 1184 de
710 1144 827 1184 laude
857 1157 905 1184 ao
935 1143 1162 1194 defensione
1187 1143 1360 1195 philoso-

12 1201 138 1256 phiae
175 1202 324 1243 librum
358 1203 472 1254 feeit:
515 1202 624 1243 Ecce
666 1205 827 1254 autem,
867 1203 944 1256 ait,
987 1216 1072 1243 non
1111 1202 1360 1257 philosophi

21 1260 210 1315 quidem,
253 1261 325 1302 sed
363 1261 554 1316 prompti
591 1264 737 1302 tamen
774 1259 827 1302 a'd
865 1260 1169 1315 disputandum
1214 1275 1360 1302 omnes

0 1319 141 1360 'aiunt
173 1333 264 1361 esse
295 1320 459 1374 beatos,
491 1320 563 1374 qui
595 1320 754 1373 vivant,
785 1322 835 1361 ub
865 1320 949 1374 ipsi
980 1319 1126 1361 velint.
1183 1319 1359 1360 Falsum

18 1378 62 1419 id
99 1378 289 1432 quidem3
334 1379 445 1420 velle
484 1379 614 1433 enim,
656 1379 770 1433 quod
805 1393 892 1420 non
930 1378 1094 1432 deceat,
1137 1379 1181 1419 id
1217 1379 1359 1433 ipsum

19 1436 308 1478 miserrimum
346 1440 428 1491 est,
466 1452 543 1479 nec
580 1441 671 1479 tam
709 1438 913 1479 miserum
953 1440 1019 1478 esf,
1052 1452 1140 1479 non
1171 1438 1361 1492 adipisci,

21 1496 134 1550 quod
165 1497 289 1550 velis,
328 1511 456 1550 quam
490 1497 668 1551 adipisci
699 1497 827 1550 velle,
869 1496 982 1551 quod
1018 1511 1105 1538 non
1144 1499 1361 1551 oporteab3

18 1555 116 1609 plus
137 1555 249 1596 enim
270 1556 373 1597 mali
398 1556 590 1610 pravitas
614 1555 852 1597 voluntatis
880 1555 1004 1597 affert
1031 1570 1159 1610 quam
1185 1555 1362 1597 fortuna

0 1614 217 1668 ·cuiquam
249 1615 361 1656 boni.

107 1673 174 1714 40.
207 1673 393 1715 Lactant.
425 1675 518 1716 inst.
550 1675 627 1716 div.
659 1674 692 1715 I
718 1677 755 1715 7.
787 1677 815 1715 4
845 1674 1039 1716 Fortasse
1077 1677 1250 1726 quaerat
1284 1674 1360 1715 ali-

18 1732 110 1785 quis
145 1745 172 1772 a
207 1733 322 1774 nobis
356 1734 462 1774 idem
497 1734 619 1787 illud,
655 1734 761 1786 quod
795 1734 907 1786 apuol
936 1731 1165 1775 Ciceronem
1204 1733 1364 1785 quaerit

18 1790 282 1842 Hortensius,
324 1791 375 1833 ‘si
411 1793 506 1834 dous
536 1806 643 1834 unus
674 1796 745 1846 est,
785 1806 888 1845 quae
926 1805 1007 1833 esse
1044 1792 1158 1833 beata
1188 1792 1362 1833 solitudo

17 1849 163 1903 queat'.
208 1851 438 1904 Tamquam
464 1864 549 1902 nos,
574 1852 673 1904 quia
696 1865 826 1893 unum
851 1865 932 1893 esse
956 1852 1139 1902 dicimus,
1164 1851 1362 1892 desertum

0 1921 66 1951 *ac
95 1909 328 1951 solitarium
359 1923 438 1952 esse
468 1911 661 1952 dicamus.

106 1980 174 2021 41.
210 1980 316 2022 Non.
347 1995 391 2033 p.
422 1984 521 2023 372.
553 1985 607 2022 10
640 1981 702 2022 M.
738 1981 900 2022 Tullius
938 2005 992 2010 -
1031 1982 1077 2022 in
1116 1980 1360 2022 Hortensio:

17 2036 292 2094 Praecipiunt
321 2039 427 2081 haeo
458 2039 550 2094 isti,
582 2039 655 2080 sed
686 2039 791 2081 facit
822 2054 960 2081 nemo.

105 2110 173 2151 42.
200 2110 387 2152 Laetant.
418 2111 511 2152 inst.
543 2111 619 2152 oliv.
644 2110 733 2151 III
752 2114 816 2152 16.
843 2112 868 2152 5
895 2111 992 2152 Non
1022 2124 1112 2164 eryo
1143 2110 1361 2151 utilitatem

18 2181 66 2209 ex
94 2168 373 2222 philosophia,
417 2170 486 2210 secl
521 2170 816 2211 oblectationem
849 2172 1015 2222 petunt;
1059 2170 1167 2222 quod
1200 2170 1361 2222 quidem

17 2225 152 2268 Cicero
196 2231 360 2270 testatus
403 2231 482 2270 est:
531 2227 752 2282 Profecto,
795 2229 949 2281 inquit,
993 2228 1131 2269 omnis
1176 2228 1360 2269 istorum

18 2284 252 2341 disputatio
305 2302 566 2342 quamquam
613 2288 853 2329 uberrimos
903 2286 1045 2329 fontes
1098 2287 1273 2328 virtutis
1318 2288 1360 2326 ct
