1663 2490
423 93 511 131 LIB.
538 94 583 130 Il.
636 94 736 130 CAP.
764 99 819 138 22,
846 99 900 130 23.
953 98 971 136 ἓ
1001 99 1076 130 76-
1094 99 1148 130 82.
1402 95 1457 135 85

117 204 249 245 habet
288 203 568 257 aequitatem,
606 205 653 243 ut
692 217 842 258 agrum
881 202 1028 244 multis
1067 202 1189 243 annis
1221 205 1295 244 aut
1327 203 1457 244 etiam

118 261 298 304 saeculis
331 264 430 303 ante
464 275 727 315 possessum,
767 262 839 315 qui
869 261 1036 303 nullum
1077 261 1246 316 habuit,
1286 261 1458 315 habeat,

118 321 190 375 qui
222 322 366 361 autem
397 319 565 369 habuit,
599 320 800 361 amittat?
864 320 926 362 Ac
957 322 1134 375 propter
1165 320 1246 362 hoc
1277 320 1456 361 iniuriae

118 393 251 435 genus
284 378 609 420 Lacedaemonii
641 378 908 432 Lysandrum
946 378 1154 433 ephorum
1192 379 1457 434 expulerunt,

118 438 249 493 Agim
283 451 449 492 regem,
482 437 594 491 quod
626 452 859 492 numquam
892 440 1018 479 antea
1051 437 1164 492 apud
1196 452 1268 479 eos
1301 438 1457 479 accide-

117 501 202 549 rat,
241 499 515 548 necaverunt,
553 510 686 550 exque
725 511 773 537 eo
813 499 1005 550 tempore
1043 498 1190 538 tantae
1222 496 1457 538 discordiae

117 558 287 597 secutae
325 558 441 607 sunt,
487 559 533 595 ut
572 558 614 595 et
652 555 823 609 tyranni
862 556 1094 596 existerent
1133 557 1175 597 et
1213 558 1456 610 optumates

117 613 503 656 exterminarentur
541 616 583 653 et
622 614 962 668 praeclarissime
1005 614 1241 655 constituta
1278 628 1345 655 res
1384 630 1457 669 pu-

117 673 230 714 blica
267 672 544 726 dilaberetur,
589 687 664 714 nec
702 687 802 714 vero
847 673 986 714 solum
1032 672 1127 727 ipsa
1171 672 1339 726 cecidit,
1384 673 1457 714 sed

118 732 247 773 etiam
280 731 490 786 reliquam
523 730 747 773 Graeciam
780 731 934 773 evertit
965 732 1294 788 contagionibus
1327 733 1457 773 malo·

118 806 224 844 rum,
257 805 364 845 quae
394 805 419 831 a
443 789 790 832 Lacedaemoniis
819 790 1034 845 profectae
1060 794 1289 832 manarunt
1314 791 1456 832 latius.

117 848 257 898 Quid?
288 852 460 891 nostros
488 848 717 903 Gracchos,
748 849 809 890 Ti.
837 848 1019 891 Gracchi
1044 850 1199 890 summi
1226 849 1307 890 viri
1335 850 1458 904 filios,

117 908 311 950 Africani
347 911 544 962 nepotes,
582 922 721 949 nonne
760 908 956 963 agrariae
994 908 1289 949 contentiones
1322 909 1457 964 perdi·

118 967 300 1008 derunt?
351 967 412 1007 At
443 981 542 1008 vero
577 966 736 1008 Aratus
763 965 986 1020 Sicyonius
1012 967 1102 1008 iure
1128 967 1340 1020 laudatur,
1373 968 1457 1022 qui,
1483 978 1525 1009 81

81 1038 96 1062 ⁵
117 1041 213 1068 cum
242 1026 333 1066 eius
359 1025 510 1067 civitas
538 1026 851 1080 quinquaginta
878 1040 1011 1067 annos
1033 1040 1058 1066 a
1076 1025 1270 1080 tyrannis
1296 1029 1457 1068 tenere-

117 1088 199 1139 tur,
225 1083 442 1139 profectus
467 1085 598 1139 Argis
620 1082 843 1138 Sicyonem
864 1084 1131 1126 clandestino
1152 1084 1332 1126 introitu
1352 1085 1457 1127 urbe

116 1146 183 1185 est
226 1143 412 1198 potitus,
456 1157 635 1197 cumque
680 1146 910 1197 tyrannum
954 1142 1173 1185 Nicoclem
1220 1143 1455 1198 improviso

116 1201 422 1257 oppressisset,
482 1206 697 1243 sescentos
757 1202 943 1256 exsules,
1001 1201 1073 1256 qui
1127 1202 1456 1256 locupletissimi

115 1261 288 1302 fuerant
325 1261 413 1302 eius
453 1260 660 1313 civitatis,
700 1261 894 1302 restituit
931 1275 1105 1315 remque
1136 1261 1354 1315 publicam
1388 1262 1455 1304 ad-

117 1323 246 1361 ventu
273 1333 349 1362 suo
376 1319 587 1361 liberavit.
631 1318 712 1361 Sed
738 1334 833 1361 cum
860 1334 1064 1375 magnam
1097 1320 1457 1362 animadverteret

117 1379 161 1420 in
193 1378 316 1420 bonis
349 1382 391 1420 et
422 1378 764 1433 possessionibus
797 1378 1115 1432 difficultatem,
1152 1379 1265 1433 quod
1297 1383 1339 1420 et
1371 1394 1456 1435 eos,

118 1452 224 1491 quos
257 1438 348 1492 ipse
380 1437 646 1492 restituerat,
688 1452 869 1492 quorum
906 1438 1020 1479 bona
1058 1438 1130 1479 alii
1165 1438 1455 1493 possederant,

117 1510 242 1552 egere
274 1495 589 1551 iniquissimum
623 1511 715 1538 esse
737 1496 1031 1538 arbitrabatur
1062 1500 1105 1538 et
1143 1497 1456 1553 quinquaginta

117 1570 326 1596 annorum
351 1555 644 1610 possessiones
670 1555 833 1597 moveri
858 1570 945 1597 non
970 1555 1098 1597 nimis
1119 1570 1301 1610 aequum
1335 1560 1454 1611 puta-

117 1614 212 1667 bat,
252 1618 481 1669 propterea
518 1614 630 1668 quod
662 1616 752 1656 tam
784 1614 915 1670 longo
948 1614 1089 1670 spatio
1121 1615 1259 1656 multa
1290 1615 1455 1657 heredi-

115 1673 292 1724 tatibus,
324 1673 461 1714 multa
494 1673 795 1728 emptionibus,
826 1673 965 1714 multa
996 1673 1168 1715 dotibus
1197 1674 1456 1716 tenebantur

116 1732 206 1773 sine
243 1731 417 1786 iniuria,
453 1731 658 1774 iudicavit
694 1747 830 1786 neque
867 1732 957 1773 illis
995 1732 1125 1774 adimi
1163 1747 1241 1774 nec
1278 1733 1331 1774 iis
1369 1748 1455 1774 non

116 1791 222 1832 satis
257 1791 360 1845 fieri,
393 1805 575 1845 quorum
605 1790 685 1832 illa
713 1790 895 1845 fuerant,
927 1793 1136 1846 oportere.
1187 1790 1294 1834 Cum
1319 1792 1454 1847 igitur
1479 1803 1523 1834 82

117 1849 342 1891 statuisset
379 1864 485 1904 opus
524 1864 616 1891 esse
654 1849 707 1891 ad
745 1864 839 1892 eam
876 1865 966 1891 rem
1005 1850 1346 1892 constituendam
1386 1866 1454 1906 pe-

117 1909 257 1962 cunia,
300 1908 616 1950 Alexandream
655 1923 698 1950 se
737 1908 948 1964 proficisci
986 1909 1096 1951 velle
1135 1909 1241 1950 dixit
1279 1925 1453 1964 remque

116 1967 329 2023 integram
369 1968 421 2009 ad
459 1968 643 2009 reditum
682 1982 805 2009 suum
842 1968 969 2009 iussit
1006 1982 1115 2021 esse,
1153 1968 1273 2023 isque
1311 1969 1454 2011 celeri-

117 2029 182 2068 ter
213 2026 265 2068 ad
298 2026 607 2081 Ptolomaeum,
641 2041 764 2068 suum
802 2026 1031 2081 hospitem,
1069 2028 1203 2081 venit,
1250 2028 1322 2082 qui
1360 2031 1453 2069 tum

117 2085 327 2141 regnabat
358 2086 468 2126 alter
499 2089 598 2140 post
626 2085 942 2127 Alexandream
974 2086 1201 2127 conditam.
1247 2085 1326 2128 Cui
1358 2102 1452 2129 cum

118 2144 384 2199 exposuisset
422 2145 608 2199 patriam
647 2159 690 2186 se
729 2144 912 2186 liberare
949 2145 1060 2186 velle
1092 2159 1348 2199 causamque
1381 2147 1453 2187 do-

117 2203 285 2258 cuisset,
316 2218 341 2244 a
365 2217 466 2259 rege
495 2204 699 2258 opulento
724 2203 791 2244 vir
822 2218 1013 2244 summus
1038 2202 1165 2246 facile
1190 2205 1454 2259 impetravit,

117 2263 165 2302 ut
196 2261 348 2316 grandi
378 2263 558 2317 pecunia
590 2262 875 2304 adiuvaretur.
932 2261 1068 2311 Quam
1101 2277 1196 2304 cum
1229 2262 1452 2318 Sicyonem

116 2320 352 2373 attulisset,
390 2321 586 2363 adhibuit
617 2321 699 2363 sibi
731 2321 775 2362 in
807 2321 1033 2363 consilium
1065 2321 1305 2376 quindecim
1335 2322 1452 2379 prin·

1472 301 1528 342 23

1483 353 1528 384 80
