1663 2490
378 63 467 98 ΜΒ.
492 63 555 100 111.
607 64 707 100 CAP.
736 69 886 100 26-23.
934 68 954 107 ς
979 68 1153 100 98—103.
1355 66 1437 108 123

99 171 409 227 Carthaginem
434 170 578 225 rediit,
603 185 740 226 neque
766 186 862 213 eum
888 172 1046 214 caritas
1073 172 1240 226 patriae
1260 172 1437 214 retinuit

97 246 174 273 nec
206 244 392 271 suorum.
454 228 604 284 Neque
635 245 736 272 vero
773 233 866 272 tum
904 231 1136 286 ignorabat
1173 245 1218 272 se
1257 231 1310 272 ad
1347 246 1437 272 cru-

99 289 365 332 delissimum
395 288 564 329 hostem
592 290 635 329 et
661 289 713 329 ad
739 290 951 343 exquisita
976 289 1188 344 supplicia
1212 289 1437 344 proficisci,

98 347 171 390 sed
201 347 267 388 ius
298 346 524 388 iurandum
551 348 889 389 conservandum
916 348 1110 402 putabat.
1159 347 1311 402 Itaque
1330 350 1436 402 tum,

63 419 78 445 5
98 421 194 449 cum
225 405 445 461 vigilando
472 405 717 459 necabatur,
749 409 842 448 erat
867 407 912 447 in
937 406 1113 448 meliore
1139 421 1279 461 causa,
1307 422 1435 461 quam

97 465 134 507 si
161 464 275 506 domi
296 478 423 506 senex
444 464 651 519 captivus,
671 465 867 519 periurus
887 465 1124 507 consularis
1145 466 1434 507 remansisset.

95 524 156 565 At
187 523 337 577 stulte,
370 523 442 577 qui
479 537 565 564 non
602 524 728 565 modo
767 539 853 565 non
886 525 1099 566 censuerit
1129 524 1324 579 captivos
1356 539 1418 565 re·
1440 536 1500 567 101

96 581 342 635 mittendos,
367 596 515 623 verum
541 582 672 623 etiam
700 582 962 624 dissuaserit.
1012 582 1104 631 Quo
1125 583 1252 625 modo
1273 583 1435 625 stulte?

96 642 293 691 etiamne,
314 640 349 682 si
369 641 430 682 rei
450 641 645 695 publicae
665 641 957 683 conducebat?
984 644 1129 696 potest
1146 644 1302 697 autem,
1323 642 1436 696 quod

46 712 77 737 ιο
96 700 249 741 inutile
280 699 341 740 rei
373 699 570 754 publicae
603 700 671 754 sit,
701 700 745 741 id
777 700 972 754 cuiquam
1006 700 1088 742 civi
1119 701 1225 742 utile
1254 701 1375 742 esse?

183 758 442 800 Pervertunt
472 758 668 800 homines
701 774 762 811 ea,
794 774 901 813 quae
929 761 1029 800 sunt
1058 759 1339 801 fundamenta
1363 774 1435 801 na·
1449 761 1505 804 28

94 821 231 872 turae,
262 832 358 859 cum
390 817 623 859 utilitatem
658 817 711 859 ab
743 817 970 859 honestate
998 817 1239 873 seiungunt.
1277 817 1436 860 Omnes

96 877 209 918 enim
247 876 485 930 expetimus
529 876 766 918 utilitatem
809 876 863 917 ad
906 891 1085 930 eamque
1125 877 1317 931 rapimur
1359 892 1438 920 1100

94 935 235 976 facere
268 935 395 976 aliter
426 935 517 976 ullo
550 935 676 977 modo
705 949 947 989 possumus.
990 934 1104 976 Nam
1132 936 1226 989 quis
1253 938 1330 990 est,
1363 937 1436 991 qui

44 1006 76 1031 15
96 994 221 1035 utilia
238 993 411 1048 fugiat?
444 996 519 1034 aut
545 993 640 1048 quis
666 993 824 1048 potius,
850 994 922 1048 qui
943 1008 992 1034 ea
1010 1008 1097 1034 non
1123 994 1436 1036 studiosissime

93 1052 405 1108 persequatur?
432 1050 515 1093 Sed
535 1052 635 1106 quia
653 1066 866 1106 nusquam
884 1066 1114 1107 possumus
1134 1052 1218 1094 nisi
1237 1053 1281 1093 in
1299 1053 1435 1107 laude,

94 1111 262 1164 decore,
299 1111 527 1152 honestate
556 1111 683 1152 utilia
712 1110 915 1166 reperire,
946 1113 1152 1166 proptera
1187 1111 1265 1153 illa
1296 1112 1436 1166 prima

94 1173 138 1211 et
169 1184 338 1212 summa
367 1170 596 1224 habemus7
629 1169 835 1211 utilitatis
866 1183 1023 1211 nomen
1054 1184 1141 1211 non
1172 1173 1263 1211 tam
1297 1171 1435 1226 splen·

94 1229 239 1271 didum
272 1243 400 1283 quam
431 1228 719 1270 necessarium
759 1228 964 1270 ducimus.
1026 1227 1137 1277 Quid
1174 1232 1240 1270 est
1270 1229 1417 1285 igitur,
1440 1240 1504 1272 102

42 1302 76 1326 τυ
95 1287 251 1330 dixerit
282 1288 396 1342 quis,
431 1287 478 1328 in
513 1287 605 1329 iure
640 1287 851 1329 iurando?
893 1302 996 1329 num
1035 1288 1195 1329 iratum
1231 1288 1434 1330 timemus

93 1346 270 1389 Iovem?
318 1346 379 1388 At
409 1346 491 1388 1100
522 1346 693 1401 quidem
724 1361 948 1389 commune
979 1349 1046 1387 est
1077 1347 1267 1388 omnium
1299 1347 1435 1403 philo-

95 1405 348 1460 sophorum,
390 1419 477 1447 non
508 1420 655 1447 eorum
688 1405 834 1460 modo,
875 1405 949 1459 qui
980 1405 1105 1447 deum
1135 1405 1245 1447 nihil
1276 1406 1435 1448 habere

93 1465 236 1519 ipsum
267 1464 432 1520 negotii
464 1464 621 1518 dicunt,
651 1464 760 1505 nihil
793 1464 992 1506 exhibere
1023 1465 1162 1517 alteri,
1187 1465 1262 1506 sed
1288 1479 1435 1507 eorum

94 1524 243 1577 etiam,
282 1523 355 1578 qui
393 1523 516 1565 deum
556 1538 724 1578 semper
761 1537 888 1579 agere
921 1523 1084 1577 aliquid
1116 1526 1160 1565 et
1190 1524 1335 1577 moliri
1364 1539 1435 1566 vo-

41 1594 75 1620 25
94 1583 201 1636 lunt,
220 1596 454 1637 numquam
474 1596 551 1624 nec
570 1582 699 1624 irasci
718 1582 841 1624 deum
867 1597 944 1623 1100
963 1596 1126 1623 nocere.
1159 1581 1270 1631 Quid
1290 1585 1436 1624 autem

92 1641 231 1683 iratus
268 1641 463 1696 Iuppiter
505 1641 603 1696 plus
646 1655 798 1683 nocere
842 1640 1072 1695 potuisset,
1117 1655 1246 1695 quam
1289 1641 1436 1684 nocuit

94 1700 178 1741 sibi
219 1700 312 1755 ipse
355 1699 578 1755 Regulus?
628 1698 763 1741 Nulla
806 1700 940 1755 igitur
976 1699 1042 1741 vis
1078 1699 1162 1741 fuit
1199 1700 1436 1756 religionis,

94 1773 202 1813 quae
233 1761 402 1800 tantam
439 1759 674 1800 utilitatem
712 1761 988 1814 perverteret.
1049 1758 1120 1799 An
1158 1773 1212 1800 ne
1249 1759 1436 1814 turpiter

92 1818 283 1860 faceret?
308 1817 503 1859 Primum
523 1818 701 1859 minima
721 1818 771 1859 de
791 1817 930 1858 malis.
967 1815 1084 1858 Num
1103 1817 1239 1873 igitur
1263 1820 1435 1860 tantum

42 1886 75 1913 8⁰
94 1877 198 1918 mali
226 1876 450 1931 turpitudo
481 1877 569 1918 ista
598 1876 807 1930 habebat,
845 1878 1054 1931 quantum
1084 1875 1160 1918 ille
1191 1877 1435 1919 cruciatus?

93 1934 258 1978 Deinde
288 1935 398 1977 illud
429 1935 561 1978 etiam
594 1935 706 1991 apud
736 1935 932 1977 Accium:

888 1993 1160 2049 Fregistl'n
1190 1993 1375 2037 fidem?

151 2052 326 2108 Neque
357 2053 472 2095 dedi
502 2067 667 2108 neque
699 2053 758 2095 do
790 2052 1004 2094 infideli
1035 2051 1269 2107 cuiquam

95 2127 355 2167 quamquam
387 2112 441 2154 ab
467 2112 601 2167 impio
633 2126 734 2168 rege
761 2112 927 2165 dicitur,
959 2111 1175 2153 luculente
1200 2114 1349 2153 tamen
1376 2112 1435 2153 di-

42 2181 74 2208 85
94 2171 215 2212 citur.
258 2171 435 2212 Addunt
467 2171 617 2225 etiam,
654 2185 780 2227 quem
812 2171 866 2212 ad
903 2170 1077 2212 modum
1107 2184 1187 2212 nos
1225 2171 1415 2212 dicamus
1439 2181 1504 2213 103

93 2229 227 2272 videri
259 2229 469 2284 quaedam
505 2229 647 2284 utilia,
691 2243 800 2285 quae
836 2243 923 2271 non
967 2229 1071 2283 sint,
1114 2229 1175 2271 sic
1213 2243 1258 2271 se
1295 2229 1434 2271 dicere

93 2288 229 2330 videri
254 2288 464 2344 quaedam
488 2288 684 2343 honesta,
717 2302 825 2343 quae
850 2302 937 2330 non
963 2288 1061 2343 sint,
1094 2287 1157 2329 ‘ut
1182 2287 1264 2330 hoc
1291 2288 1435 2343 ipsum
