1663 2490
138 517 182 548 22

140 1162 185 1194 23

143 1866 188 1897 24

206 47 263 87 96
730 43 794 77 DE
820 42 1017 78 OFFICIIS

206 155 405 195 naturam
421 166 547 206 quam
564 166 690 206 mors,
712 166 838 204 quam
853 153 1098 206 paupertas,
1120 166 1248 206 quam
1262 151 1396 204 dolor,
1416 166 1544 205 quam

207 215 366 266 cetera,
405 225 512 265 quae
549 212 732 265 possunt
770 212 844 250 aut
880 210 1049 264 corpori
1087 210 1274 251 accidere
1312 212 1388 251 aut
1417 210 1544 252 rebus

209 271 405 312 externis.
465 268 579 310 Nam
618 268 828 322 principio
866 268 985 310 tollit
1025 269 1266 310 convictum
1309 268 1546 309 humanum

208 332 251 371 et
283 329 545 370 societatem.
594 325 640 368 Si
671 326 784 368 enim
817 326 876 368 sic
907 327 1065 368 erimus
1097 326 1265 381 adfecti,
1296 329 1344 367 ut
1369 329 1546 381 propter

209 403 331 429 suum
371 387 549 441 quisque
587 385 921 426 emolumentum
959 385 1117 440 spoliet
1160 388 1235 427 aut
1271 385 1406 426 violet
1442 386 1546 426 alte·
1583 397 1599 421 5

208 462 316 499 rum,
348 444 555 498 disrumpi
586 457 758 485 necesse
790 446 873 498 est,
905 458 997 485 eam
1034 459 1142 498 quae
1173 444 1356 485 maxime
1389 446 1454 485 est
1485 458 1546 485 se-

209 505 391 547 cundum
422 505 640 556 naturam,
670 502 848 543 humani
879 502 1046 557 generis
1078 502 1338 544 societatem.
1400 501 1477 556 Ut,
1510 502 1546 543 si

208 578 339 605 unum
378 561 572 616 quodque
611 561 851 602 membrum
890 575 1060 602 sensum
1103 561 1217 602 hunc
1258 561 1455 614 haberet,
1498 563 1547 602 ut

209 636 335 677 posse
372 622 547 675 putaret
585 634 629 660 se
667 619 826 673 valere,
871 619 906 660 si
947 619 1130 674 proximi
1167 620 1348 661 membri
1384 620 1546 661 valetu-

211 681 351 721 dinem
384 679 437 720 ad
469 693 513 720 se
544 678 827 732 traduxisset,
869 678 1086 719 debilitari
1124 680 1166 718 et
1197 678 1373 719 interire
1404 680 1545 719 totum
1566 691 1599 714 10

210 753 364 794 corpus
395 751 566 779 necesse
599 739 724 791 esset,
755 737 828 790 sic,
861 737 896 777 si
927 751 1035 777 unus
1068 737 1246 790 quisque
1271 739 1467 778 nostrum
1494 737 1548 778 ad

211 812 256 839 se
286 797 429 851 rapiat
459 795 683 838 commoda
715 795 896 837 aliorum
929 795 1223 850 detrahatque,
1255 795 1367 850 quod
1398 795 1547 849 cuique

210 856 365 911 possit,
403 855 682 896 emolumenti
721 854 786 895 sui
825 854 983 909 gratia,
1024 854 1205 896 societas
1244 853 1467 895 hominum
1506 856 1548 895 et

211 914 495 957 communitas
528 916 746 955 evertatur
777 927 949 954 necesse
982 915 1059 954 est.
1109 911 1222 954 Nam
1249 913 1331 954 sibi
1362 916 1410 954 ut
1436 912 1547 967 quis-

211 988 292 1028 que
324 973 465 1027 malit,
492 972 604 1026 quod
630 973 682 1013 ad
708 986 831 1013 usum
857 971 971 1013 vitae
996 971 1228 1026 pertineat,
1262 986 1388 1026 quam
1422 971 1600 1013 alterins

212 1033 455 1087 adquirere,
482 1045 729 1073 concessum
755 1033 821 1072 est
845 1045 928 1071 non
956 1033 1222 1086 repugnante
1247 1033 1414 1083 natura,
1439 1030 1547 1071 illud

211 1095 366 1133 natura
396 1105 481 1132 non
519 1089 695 1144 patitur,
727 1092 775 1130 ut
813 1089 995 1130 aliorum
1034 1089 1182 1143 spoliis
1214 1091 1386 1130 nostras
1417 1088 1548 1130 facul-

212 1153 342 1203 tates,
374 1149 538 1204 copiaS,
570 1163 671 1203 opes
705 1162 949 1203 augeamus.
998 1146 1148 1202 Neque
1173 1162 1274 1189 vero
1300 1148 1381 1189 hoc
1408 1148 1546 1189 solum

211 1211 384 1262 natura,
415 1208 458 1248 id
491 1209 556 1248 est
586 1207 677 1249 iure
710 1207 920 1262 gentium,
953 1206 1025 1247 sed
1058 1207 1188 1247 etiam
1221 1207 1389 1262 legibus
1415 1221 1547 1261 popu-

212 1269 369 1321 lorum,
402 1266 555 1320 quibus
587 1265 632 1307 in
664 1266 846 1321 singulis
879 1265 1126 1306 civitatibus
1153 1279 1221 1306 res
1253 1265 1426 1319 publica
1452 1279 1547 1306 con·
1567 1276 1600 1301 20

212 1326 390 1378 tinetur,
435 1325 583 1366 eodem
621 1324 747 1365 modo
789 1324 1070 1365 constitutum
1108 1326 1191 1378 est,
1222 1326 1271 1364 ut
1300 1338 1388 1365 non
1420 1323 1548 1365 liceat

213 1386 278 1426 sui
311 1383 522 1426 commodi
559 1397 687 1424 causa
724 1397 875 1424 nocere
914 1382 1057 1436 alteri,
1094 1382 1175 1424 hoc
1207 1382 1319 1423 enim
1352 1385 1548 1437 spectant

212 1445 347 1499 leges,
378 1442 460 1484 hoc
491 1442 658 1495 volunt,
690 1440 946 1483 incolumem
979 1455 1071 1481 esse
1103 1440 1258 1482 civium
1291 1441 1548 1483 coniunctio-

211 1517 327 1556 nem3
365 1516 492 1556 quam
531 1500 603 1555 qui
642 1500 863 1554 dirimunt,
896 1514 967 1541 eos
1001 1502 1151 1553 morte,
1183 1499 1352 1554 exsilio,
1383 1500 1548 1554 vinclis,

213 1561 368 1603 damno
400 1562 608 1602 coercent
1567 1569 1600 1594 25

301 1619 445 1673 Atque
475 1618 557 1660 hoc
593 1619 729 1659 multo
762 1617 901 1673 magis
935 1617 1066 1659 efficit
1096 1617 1192 1672 ipsa
1217 1619 1397 1659 naturae
1423 1618 1548 1671 ratio,

214 1693 321 1750 quae
353 1680 420 1719 est
451 1677 519 1718 lex
551 1677 693 1718 divina
731 1679 773 1717 et
803 1676 1009 1741 humana3
1046 1676 1114 1717 cui
1150 1690 1301 1731 parere
1339 1676 1411 1731 qui
1442 1676 1549 1718 velit

214 1751 379 1781 omnes
407 1738 550 1777 autem
576 1735 806 1790 parebunt,
827 1735 899 1788 qui
927 1734 1157 1776 secundum
1182 1737 1382 1776 naturam
1402 1735 1549 1776 volent

214 1795 395 1850 vivere),
431 1809 666 1848 numquam
697 1794 956 1848 committet,
993 1795 1041 1835 ut
1079 1793 1265 1834 alienum
1297 1796 1475 1848 appetat
1507 1795 1549 1835 et

214 1855 274 1909 id,
324 1853 438 1908 quod
482 1853 607 1894 alteri
659 1852 908 1906 detraxerit,
961 1851 1044 1893 sibi
1093 1851 1302 1894 adsumat.
1372 1851 1546 1893 Etenim
1565 1864 1600 1889 30
1628 1871 1629 1887 2

214 1913 350 1954 multo
383 1912 523 1967 magis
562 1914 627 1953 est
665 1911 896 1953 secundum
926 1913 1127 1952 naturam
1159 1910 1385 1952 excelsitas
1419 1910 1551 1953 animi
1620 1911 1623 1920 '

214 1974 257 2012 et
304 1971 555 2026 magnitudo
601 1970 789 2024 itemque
832 1969 1030 2023 comitas,
1080 1968 1265 2023 iustitia,
1310 1969 1550 2011 liberalitas

215 2045 342 2084 quam
374 2030 596 2084 voluptas,
629 2044 757 2083 quam
789 2028 896 2083 vita,
928 2042 1055 2082 quam
1090 2027 1283 2082 divitiae3
1321 2043 1429 2082 quae
1461 2028 1551 2082 qui-

214 2089 308 2130 dem
352 2090 623 2129 contemnere
667 2090 710 2128 et
752 2102 830 2142 pro
867 2086 1001 2128 nihilo
1041 2086 1190 2127 ducere
1229 2089 1551 2141 comparantem

214 2162 309 2189 cum
349 2147 539 2187 utilitate
580 2146 796 2188 communi
837 2145 982 2201 magni
1021 2144 1152 2186 animi
1197 2147 1239 2186 et
1280 2145 1436 2187 excelsi
1474 2148 1550 2187 est.
1571 2152 1619 2183 35

215 2205 469 2257 [Detrahere
497 2207 640 2246 autem
666 2204 716 2245 de
743 2204 879 2246 altero
912 2204 978 2245 sui
1009 2203 1220 2245 commodi
1253 2218 1381 2246 eausa
1412 2204 1551 2260 magis
