1663 2490
167 192 170 195 ’
216 205 263 243 ut
294 202 540 244 reficiantur
571 202 696 255 vires,
726 216 814 243 non
845 202 1156 256 opprimantur.
1211 201 1303 243 Nec
1333 216 1435 244 vero
1469 217 1556 245 cor-

145 916 185 947 37

221 81 301 134 144
422 58 431 71 ’
533 93 656 128 οΑΤο
682 93 838 129 MAloR
863 94 927 129 DE
954 94 1235 130 sannorum

215 261 310 315 pori
342 261 482 302 solum
515 260 851 301 subveniendum
882 263 961 314 est,
992 260 1065 301 sed
1096 260 1231 302 menti
1258 264 1386 314 atque
1413 262 1556 303 animo

216 320 352 361 multo
385 319 543 374 magis3
574 333 674 360 nam
704 318 809 360 haec
835 333 1015 373 quoque,
1046 319 1130 360 nisi
1156 320 1557 374 tamquamlumini

216 379 357 419 oleum
394 378 598 431 instilles,
643 377 952 432 extinguuntur
990 380 1218 419 senectute.
1279 378 1337 419 Et
1374 393 1557 433 corpora

216 436 384 491 quidem
400 435 753 477 exercitationum
768 435 1074 491 defatigatione
1088 437 1404 492 ingravescunt,
1425 437 1556 478 animi
1593 449 1610 474 5

216 499 359 537 autem
401 494 631 536 exercendo
675 494 885 536 levantur.
946 494 1060 536 Nam
1104 510 1210 549 quos
1253 496 1314 537 ait
1347 494 1555 537 Caecilius

216 554 456 596 ecomicos
496 553 690 594 stultos
729 552 909 608 senes',
952 553 1033 595 hos
1083 554 1299 609 significat
1348 555 1556 608 credulos,

216 612 468 665 obliviosos,
502 611 753 666 dissolutos,
785 626 894 666 quae
925 612 1032 653 vitia
1064 615 1164 654 sunt
1194 627 1280 653 non
1312 613 1557 667 senectutis,

216 671 289 712 sed
314 670 477 724 inertis,
504 671 697 725 ignavae,
726 671 1038 712 somniculosae
1066 671 1309 712 senectutis.
1352 670 1414 713 Ut
1438 674 1556 726 petu-

216 729 364 783 lantia,
389 732 438 770 ut
464 729 597 770 libido
623 729 763 785 magis
791 732 856 770 est
883 729 1218 771 adulescentium
1245 744 1374 784 quam
1395 744 1556 783 senum,
1579 743 1610 766 10

214 803 290 830 nec
322 790 469 829 tamen
500 787 691 829 omnium
721 787 1068 842 adulescentium,
1101 788 1174 829 sed
1199 803 1285 829 non
1311 789 1557 843 proborum,

216 847 275 889 sic
300 847 387 888 ista
412 846 559 888 senilis
592 846 793 900 stultitia,
826 862 933 901 quae
966 846 1163 889 deliratio
1190 847 1401 902 appellari
1433 848 1557 901 solet,

216 920 364 946 senum
402 905 562 947 levium
602 907 684 959 est,
720 920 808 947 non
846 906 1047 947 omnium.
1110 905 1323 955 Quattuor
1354 906 1555 947 robustos

214 965 340 1018 filios,
373 964 559 1018 quinque
592 964 716 1017 filias,
749 967 918 1006 tantam
943 964 1129 1019 domum,
1160 967 1307 1006 tantas
1333 965 1555 1006 clientelas

215 1023 383 1078 Appius
403 1024 582 1078 regebat
608 1025 651 1064 et
677 1037 825 1065 caecus
852 1026 895 1065 et
921 1037 1066 1077 senex3
1091 1023 1305 1064 intentum
1332 1024 1444 1065 enim
1471 1024 1556 1065 ani·
1579 1034 1611 1059 15

216 1096 332 1123 mum
371 1085 593 1136 tamquam
632 1096 777 1124 arcum
814 1082 1005 1124 habebat
1042 1056 1119 1143 iiec
1154 1083 1435 1138 languescens
1468 1097 1557 1124 suc-

215 1141 444 1183 cumbebat
476 1141 704 1195 senectuti3
740 1141 916 1183 tenebat
952 1155 1039 1182 non
1055 1132 1203 1183 niodo
1242 1142 1557 1193 auctoritatem,

215 1199 288 1241 sed
320 1200 467 1241 etiam‘
482 1200 710 1255 imperium
747 1200 790 1241 in
829 1214 946 1253 suos,
984 1200 1234 1241 metuebant
1272 1199 1402 1254 servi,
1442 1214 1557 1241 vere-

215 1259 371 1299 bantur
403 1258 538 1312 liberi,
570 1273 716 1300 carum
749 1273 895 1300 omnes
927 1259 1165 1312 habebant,
1196 1258 1373 1313 vigebat
1403 1259 1448 1299 in
1479 1259 1557 1299 illa

216 1317 341 1358 domo
380 1318 546 1372 patrius
585 1332 678 1358 mos
717 1320 760 1359 et
800 1317 1035 1372 disciplina.
1097 1317 1165 1358 Ita
1203 1317 1315 1358 enim
1359 1320 1555 1359 senectus
1576 1328 1608 1353 ‘2⁰
1650 1320 1655 1329 ”

214 1376 395 1417 honesta
428 1378 510 1429 est,
549 1376 585 1417 si
617 1390 661 1417 se
692 1376 788 1431 ipsa
820 1376 1025 1430 defendit,
1067 1376 1103 1417 si
1134 1376 1199 1417 ius
1233 1390 1355 1417 suum
1387 1376 1557 1430 retinet,

215 1434 250 1475 si
282 1434 443 1475 nemini
476 1435 746 1489 emancipata
777 1437 856 1489 est,
887 1435 924 1475 si
954 1449 1088 1489 usque
1121 1434 1174 1476 ad
1206 1435 1407 1475 ultimum
1435 1435 1556 1490 spiri-

214 1496 306 1534 tum
345 1493 590 1534 dominatur
627 1494 672 1534 in
709 1508 821 1535 suos
881 1492 944 1535 Ut
980 1494 1094 1535 enim
1135 1493 1469 1547 adulescentem,
1511 1493 1557 1534 in

215 1567 297 1606 quo
330 1555 398 1593 est
428 1553 561 1593 senile
593 1552 773 1606 aliquid,
811 1552 870 1594 sic
903 1566 1066 1606 senem,
1101 1552 1146 1593 in
1179 1566 1262 1607 quo
1295 1555 1361 1593 est
1393 1552 1557 1606 aliquid

215 1610 511 1665 adulescentis,
542 1611 699 1666 probo3
730 1611 843 1666 quod
878 1611 951 1666 qui
982 1611 1188 1666 sequitur,
1220 1625 1398 1665 corpore
1428 1625 1556 1652 senex
1575 1620 1610 1647 2⁵
1656 1652 1663 1667 λ

214 1684 306 1711 esse
350 1669 528 1725 poterit,
572 1669 715 1712 animo
758 1685 993 1725 numquam
1036 1670 1129 1712 erit.
1191 1668 1407 1726 Septimus
1449 1669 1556 1711 mihi

214 1728 323 1770 liber
366 1727 592 1784 Originum
635 1732 702 1770 est
744 1729 789 1770 in
833 1730 1050 1783 manibus,
1094 1728 1238 1771 omnia
1281 1728 1555 1782 antiquitatis

214 1790 491 1828 monumenta
517 1787 688 1842 colligo,
719 1802 945 1830 causarum
973 1787 1234 1842 inlustrium,
1267 1801 1556 1842 quascumque

214 1846 393 1900 defendi,
418 1861 530 1888 nunc
550 1861 646 1888 cum
666 1847 851 1888 maxime
871 1847 1048 1889 conficio
1075 1847 1304 1899 orationes,
1329 1846 1396 1887 ius
1422 1859 1555 1901 augu-

213 1905 337 1959 rium,
368 1905 648 1960 pontificium,
680 1904 805 1947 civile
829 1908 982 1959 tracto,
1013 1906 1197 1947 multum
1224 1905 1354 1946 etiam
1381 1903 1555 1946 Graecis
1575 1914 1610 1941 3⁰

213 1963 373 2005 litteris
392 1966 492 2006 utor
508 1964 964 2020 Pythagoreorumque
984 1979 1103 2005 more
1123 1963 1379 2005 exercendae
1400 1978 1556 2005 memo-

214 2022 301 2063 riae
323 2023 477 2078 gratia,
504 2023 605 2078 quid
631 2037 800 2077 quoque
826 2023 893 2064 die
919 2023 1110 2077 dixerim,
1137 2022 1355 2077 audierim,
1381 2022 1555 2089 egerim,

214 2095 503 2123 commemoro
529 2082 708 2136 vesperi.
758 2081 877 2124 Haec
903 2084 1003 2123 sunt
1028 2081 1356 2123 exercitationes
1383 2080 1556 2136 ingenii,

214 2139 319 2181 haec
341 2140 552 2181 curricula
578 2140 745 2193 mentis,
771 2141 817 2182 in
841 2140 909 2182 his
936 2140 1146 2182 desudans
1173 2143 1303 2194 atque
1330 2140 1556 2181 elaborans

214 2212 404 2253 corpor1s
426 2213 538 2240 Vlres
555 2214 642 2240 non
657 2213 815 2254 magno
831 2214 957 2254 opere
978 2199 1182 2240 desidero.
1209 2198 1375 2240 Adsum
1396 2198 1556 2252 amicis,
1575 2208 1602 2234 δε

213 2257 337 2298 venio
362 2257 408 2298 in
434 2260 630 2312 senatum
656 2257 856 2312 frequens
883 2258 1083 2312 ultroque
1110 2257 1257 2299 adfero
1283 2271 1351 2299 res
1371 2257 1556 2299 multum

214 2317 257 2357 et
282 2315 353 2357 diu
379 2316 592 2372 cogitatas
620 2331 776 2371 easque
801 2319 925 2358 tueor
954 2316 1098 2370 animi,
1127 2331 1215 2358 non
1240 2315 1432 2371 corporis
1457 2315 1556 2358 viri-
