1673 2505
234 58 260 98 2
265 59 319 99 58
754 56 1053 92 FRAGMENTA

285 166 417 219 ponit,
448 167 539 219 quis
566 166 716 218 fecerit,
751 166 786 206 ei
817 166 976 206 demum
1006 165 1134 206 videri
1155 168 1297 218 potest,
1330 166 1401 218 qui
1431 165 1576 209 oblitus

293 226 348 266 sit
377 226 514 266 minus
544 228 638 265 ante
668 224 761 264 XX
789 237 924 264 versus
955 223 1050 265 liaeo
1080 224 1127 265 de
1157 237 1198 265 eo
1229 225 1315 276 ipso
1349 223 1576 265 Ciceronem

295 284 463 325 dixisse:
497 281 578 324 Sed
607 282 645 323 si
668 281 943 323 familiariter
969 305 1023 310 —-
1050 296 1356 336 responsurum
1381 282 1575 336 putatis?

755 349 1054 394 SEQUITUR:

327 401 363 441 7.
396 399 533 448 Quid?
575 399 688 440 idem
718 398 936 440 Domitius
968 397 1024 439 M.
1058 396 1268 452 Silanum,
1307 399 1576 440 consularem
1614 412 1630 438 5

235 458 473 511 hominem,
507 472 632 511 quem
666 457 719 498 ad
750 457 924 498 modum
955 459 1009 497 tr.
1040 457 1097 511 pl.
1129 457 1329 499 vexavit?

382 517 445 558 M.
476 516 649 558 Silanus
678 516 953 569 quinquennio
984 519 1078 556 ante
1108 516 1247 557 consul
1274 516 1422 567 fuerat,
1454 529 1577 568 quam

295 575 505 617 Domitius
549 578 596 615 tr.
633 575 693 627 pl.
736 577 852 628 esset,
901 577 1019 627 atque
1067 575 1151 626 ipse
1192 587 1345 626 quoque
1386 575 1578 616 adversus

297 633 480 676 Gimbros
509 647 595 675 rem
626 633 732 674 male
758 636 954 686 yesserat;
992 646 1116 685 qitam
1153 632 1200 673 ob
1236 645 1402 674 causam
1432 632 1577 674 Domi-

296 693 377 734 tius
407 706 498 734 eum
527 692 640 744 apud
665 692 860 744 populum
886 691 1110 733 accusabat.
1154 690 1463 733 Criminabatur
1488 705 1578 733 eum
1598 706 1631 731 ιο

295 765 380 792 rem
411 764 501 792 eum
533 750 710 792 Cimbris
739 751 899 791 iniussu
923 750 1069 804 populi
1101 751 1280 803 yessisse,
1318 751 1435 802 idque
1458 751 1578 803 prin·

296 810 448 862 cipiunt
477 809 604 861 fuisse
634 809 928 862 calamitatum,
958 821 1060 861 quas
1085 822 1127 849 eo
1158 809 1255 850 bello
1273 809 1452 861 populus
1476 822 1578 850 acee-

289 870 437 921 pisset‚·
469 882 517 909 ac
547 869 594 909 de
624 882 666 909 eo
698 868 886 909 tabellam
916 881 1068 920 quoque
1099 868 1227 916 dedit,·
1258 868 1327 909 sed
1343 867 1580 920 plenissime

296 927 467 969 Silanus
504 927 710 968 absolutus
747 930 824 976 est‚·
868 940 966 967 nam
1009 927 1113 967 duae
1154 926 1262 967 solae
1304 926 1433 967 tribus
1476 940 1578 980 eum,

297 986 442 1039 Seryia
472 989 508 1026 et
541 985 735 1036 Quirina,
767 986 1075 1026 damnaverunt.
1599 997 1632 1023 15

328 1045 365 1086 8.
403 1044 520 1085 Haec
553 1046 617 1085 est
649 1044 942 1085 controversia
974 1043 1063 1084 eius
1096 1043 1228 1096 modi,
1269 1045 1317 1084 ub
1356 1043 1459 1084 milii
1481 1057 1578 1096 pro-

238 1104 349 1145 betur
380 1105 433 1144 tr.
465 1103 522 1157 pl.
556 1102 629 1144 Cn.
662 1102 897 1156 Domitius,
930 1100 1083 1144 Catulo
1116 1101 1172 1143 M.
1205 1101 1442 1156 Terpolius.

386 1161 780 1215 Contemptissimum
817 1175 961 1203 nomen
998 1162 1162 1202 electum
1198 1174 1278 1202 esse
1313 1174 1362 1202 ex
1396 1162 1470 1213 eis,
1508 1162 1580 1214 qui

298 1224 346 1262 tr.
376 1221 436 1273 pl.
471 1220 640 1272 fuerant
667 1224 763 1273 post
798 1220 1020 1272 infractam
1058 1219 1318 1261 tribuniciam
1340 1222 1579 1272 potestatem

296 1293 324 1320 a
348 1278 478 1330 Sulla,
510 1282 603 1320 ante
632 1280 860 1320 restitutam
891 1293 917 1319 a
944 1277 1015 1320 Cn.
1036 1278 1228 1331 Pompeio
1253 1282 1433 1331 apparet.
1476 1278 1580 1320 Fuit
1597 1292 1631 1316 20

298 1341 432 1379 autem
470 1338 505 1379 is
537 1341 584 1378 tr.
609 1338 668 1390 pl.
706 1341 799 1378 ante
830 1337 936 1378 XII
961 1350 1092 1379 annos
1122 1337 1177 1378 D.
1210 1337 1346 1378 Bruto
1377 1340 1415 1378 et
1444 1337 1577 1378 Dffam.

298 1397 449 1449 Lepido
487 1409 604 1445 coss.;
644 1394 717 1438 C'n.
754 1396 966 1437 Domitius
1006 1395 1193 1437 tribunus
1228 1396 1366 1447 fuerat
1400 1399 1494 1437 ante
1524 1395 1584 1436 ΙΙ

297 1457 344 1496 de
375 1455 457 1495 XL
487 1468 617 1496 annos
649 1453 690 1496 C.
723 1455 865 1496 M'are'o
897 1454 957 1496 II
984 1454 1027 1497 G.
1057 1455 1249 1496 Fimbria
1279 1468 1375 1496 coss.

326 1514 365 1556 9.
398 1512 478 1555 Cic.
506 1527 562 1554 or.
590 1516 654 1555 70.
678 1516 768 1555 232
794 1513 1002 1565 Quantum
1032 1514 1087 1555 sit
1114 1516 1206 1566 apte
1235 1514 1373 1563 dicere,
1404 1514 1580 1566 experiri

240 1573 339 1623 licet,
363 1573 400 1613 si
424 1597 470 1600 —
501 1573 707 1625 compositi
731 1573 905 1614 oratoris
930 1573 1023 1613 bene
1047 1575 1243 1613 structam
1268 1572 1577 1613 conlocationem
1597 1583 1631 1610 25

238 1631 434 1673 dissolvas
456 1632 757 1683 permutatione
786 1632 1016 1679 verborum;
1049 1634 1326 1683 corrumpetur
1357 1632 1465 1671 enim
1497 1633 1579 1672 tota

238 1704 313 1743 res,
347 1693 394 1731 ut
423 1693 460 1731 et
488 1689 584 1731 haec
613 1693 754 1731 nostra
788 1691 831 1731 in
864 1689 1110 1732 Corneliana
1140 1693 1178 1731 et
1206 1690 1386 1742 deinceps
1417 1690 1578 1730 omnia:

238 1747 388 1802 Neque
427 1763 494 1789 me
533 1748 706 1790 divissiae
745 1751 937 1799 movent,
980 1748 1134 1803 quibus
1172 1762 1317 1790 omnes
1351 1747 1577 1789 Africanos

239 1809 281 1848 ei:
318 1807 488 1848 Laelios
528 1807 654 1848 multi
692 1807 889 1849 venalicii
927 1809 1269 1861 mercatoresque
1311 1809 1578 1861 superarunt,

242 1890 289 1894 -
320 1880 457 1920 neque
483 1866 615 1907 vestis
642 1868 716 1907 aut
743 1867 955 1907 caelatum
983 1881 1132 1907 aurum
1160 1868 1202 1906 et
1229 1868 1466 1920 argentum,
1494 1880 1577 1919 quo
1598 1876 1631 1903 3ο

239 1927 411 1966 nostros
445 1927 609 1966 veteres
641 1924 870 1966 Marcellos
903 1925 1197 1978 Maximosque
1234 1924 1360 1965 multi
1399 1924 1579 1965 eunuchi

239 1998 259 2023 e
298 1982 421 2037 Syria
460 1982 747 2038 Aegyptoque
784 1984 994 2037 vicerunt,
1038 2008 1094 2012 ——
1131 1997 1267 2037 neque
1312 1997 1412 2024 vero
1458 1997 1579 2024 orna-

239 2045 384 2082 menta
421 2042 506 2083 ista
543 2042 763 2096 villarum,
805 2043 958 2096 quibus
996 2042 1040 2083 L.
1073 2041 1255 2082 Paulum
1294 2044 1336 2082 et
1367 2041 1412 2082 L.
1444 2041 1578 2082 Mum-

238 2100 381 2153 mium,
418 2101 490 2154 qui
522 2101 647 2142 rebus
682 2101 741 2142 eis
774 2102 924 2143 urbem
956 2100 1215 2154 Italiamque
1249 2114 1418 2141 omnem
1451 2099 1579 2141 refer-

238 2161 402 2213 serunt,
447 2159 500 2199 ab
546 2160 689 2214 aliquo
728 2159 851 2201 video
895 2159 1098 2214 perfacile
1136 2159 1312 2201 Deliaco
1358 2161 1433 2199 aut
1471 2157 1576 2212 Syro
1598 2168 1631 2195 35

237 2217 428 2272 pobuisse
462 2218 664 2272 superari.
699 2242 753 2247 -
794 2219 962 2270 Quintil.
995 2218 1072 2259 IX
1099 2221 1138 2259 4.
1170 2221 1236 2271 14,
1269 2217 1377 2260 Non.
1409 2231 1450 2274 p.
1484 2220 1576 2260 188.

235 2279 305 2327 29,
337 2276 469 2318 Prisc.
501 2276 547 2318 X
576 2281 613 2318 9.
645 2280 700 2319 49
724 2291 768 2330 p.
800 2279 892 2319 539.
924 2279 959 2318 5.
