1673 2505
358 123 635 159 POEMATUM.
662 123 705 158 H.
733 123 783 158 IV
808 123 831 158 b
857 135 889 159 V.
920 127 1111 158 137—205.

73 232 122 275 Si
151 233 272 285 niqra
301 232 355 274 sit
385 231 556 281 Phatne,
584 232 757 284 yeminis
787 231 893 272 color
922 244 1029 271 unus
1059 231 1103 271 in
1135 231 1258 272 astris

73 290 122 333 Si
151 291 294 343 niteat,
318 290 475 343 pluviis
505 290 718 331 declivibus
749 303 850 330 area
880 289 1105 330 madebunt.

73 349 122 391 Si
150 347 310 390 Boreae
332 349 503 401 propior
534 349 742 401 lanquenti
772 351 925 400 torpeat
954 348 1044 401 {qne

73 407 190 449 Nube
221 407 349 448 latens
380 420 511 460 caeca,
542 408 671 447 niteat
701 407 869 448 vicinior
899 406 1071 455 Austro,

74 465 161 507 Par
184 466 369 507 metuisse
394 466 547 506 Notum
572 469 648 507 est:
680 469 819 506 contra
843 464 906 506 liic
930 466 967 506 si
991 467 1178 514 marceat,
1210 464 1277 505 illc

72 524 262 578 Fulyeat,
294 538 320 564 a
350 537 465 565 saevo
495 527 629 565 ventos
658 524 862 576 Aquilone
891 524 1058 565 notabis.

73 583 216 636 Atque
248 583 378 624 etiam
409 585 559 624 ventos
592 584 910 637 praemonstrat
942 596 1067 636 saepe
1098 581 1266 622 futuros

73 640 275 682 Inflatum
308 655 440 695 mare,
473 656 567 682 eum
599 641 742 682 subito
774 641 1028 695 penitusque
1059 640 1277 694 tumescit,

75 698 268 754 Saxaque
301 714 408 741 cana
439 700 542 741 salis
572 700 695 741 niveo
729 702 928 754 spumata
960 699 1125 754 liquore

73 758 309 800 Tristificas
341 761 508 800 certant
539 757 740 813 Neptuno
773 758 945 799 reddere
978 772 1119 811 voeeS,

74 817 162 858 Aut
194 817 347 858 densus
381 817 539 858 stridor
571 832 664 858 eum
697 817 810 859 celso
844 832 865 858 e
897 817 1053 858 vertice
1086 816 1243 857 montis

74 875 203 917 Ortus
236 875 483 930 adaugescit
515 877 788 930 scopulorum
820 890 946 930 saepe
977 876 1185 930 repulsus,

74 933 192 976 Cana
222 934 330 975 fulix
361 934 510 975 itidem
541 934 710 990 fugiens
742 950 763 975 e
796 935 966 990 gurgite
998 934 1121 989 ponti

73 991 258 1034 Nuntiat
288 993 507 1034 horribilis
540 994 730 1035 clamans
762 993 923 1034 instare
954 993 1165 1048 proeellas

73 1051 199 1092 Haud
230 1052 418 1093 modicos
449 1053 633 1093 tremulo
660 1052 839 1093 fundens
868 1067 888 1092 e
922 1054 1095 1107 gutture
1127 1055 1288 1093 cantus.

75 1110 278 1163 Cepplzum
308 1112 429 1151 etiam
461 1112 596 1152 videas
627 1112 732 1153 caelo
763 1111 931 1152 volitare
960 1124 1096 1152 sereno

73 1168 227 1211 Contra
257 1172 443 1211 venturos
473 1171 690 1211 connioeum
721 1183 881 1222 corpore
910 1173 1068 1210 ventos:

73 1227 199 1280 Saepe
227 1228 338 1279 feras
368 1231 510 1269 anates
541 1242 698 1280 cernas,
729 1242 928 1281 meryosve
958 1228 1092 1269 relicto

74 1287 274 1339 Aequore,
305 1300 399 1328 mox
430 1288 612 1329 tremulis
643 1288 824 1328 tellurem
847 1287 1042 1340 planyere
1067 1287 1234 1339 pennis;

75 1346 162 1387 Aut
191 1347 287 1396 iuya
316 1359 357 1387 se
386 1359 533 1398 supera
563 1347 711 1387 montis
742 1347 962 1387 distendere
992 1346 1160 1386 nubem:

76 1404 184 1456 Quin
215 1405 335 1445 etiam
359 1405 492 1457 pappi
520 1406 676 1446 senium
707 1406 886 1446 canentis
916 1404 1113 1445 aeantlzae

72 1462 193 1504 Dant
220 1464 328 1504 venti
356 1464 570 1517 indicium,
600 1477 766 1505 numero
797 1477 888 1505 cum
915 1464 1019 1515 forte
1048 1464 1234 1504 videntur

73 1522 297 1563 Innumero
320 1522 477 1575 placidi
506 1523 669 1574 fluitare
692 1537 769 1575 per
798 1536 975 1575 aequora
998 1523 1127 1575 ponti.

73 1580 166 1621 Imo
197 1581 295 1622 adeo
325 1594 374 1622 ex
403 1581 495 1630 illa,
526 1582 698 1623 volitant
726 1595 807 1634 qua
837 1582 931 1622 dira-
953 1595 1030 1634 per
1060 1584 1213 1622 aestum

73 1639 119 1681 F
119 1640 280 1693 ulyura,
304 1643 425 1692 parte
448 1643 562 1693 potes
591 1643 777 1682 venturos
806 1653 964 1681 noscere
993 1640 1129 1692 flatus.

73 1697 123 1739 Si·
152 1699 286 1740 videas
315 1699 451 1740 stellas
481 1699 608 1740 noetis
638 1699 804 1740 volitare
826 1713 903 1752 per
933 1699 1120 1740 umbram

73 1756 338 1809 Praecipites,
371 1758 582 1811 lonyosque
611 1772 638 1798 a
669 1761 774 1811 teryo
805 1758 996 1799 albescere
1027 1760 1195 1810 tractus,

74 1815 167 1856 Hoc
196 1817 273 1856 iter
302 1818 450 1857 emensi
479 1817 636 1858 venient
659 1831 733 1869 per
765 1818 911 1857 inania
941 1817 1057 1857 venti.

75 1873 123 1916 Si
154 1875 272 1915 varia
302 1876 442 1916 varias
472 1876 609 1917 videas
639 1889 686 1917 ex
708 1879 829 1928 parte
859 1876 1057 1917 eadenteis

73 1932 130 1974 In
161 1936 290 1975 terras
320 1947 451 1987 ruere,
483 1937 519 1975 et
547 1935 648 1975 caeli
674 1948 748 1987 per
776 1935 919 1976 nubila
947 1934 1069 1987 ferri,

73 1991 288 2034 Discordes
320 1993 478 2034 tendent
507 1994 670 2034 animae
700 1994 745 2034 in
775 1994 934 2034 diversa
966 1993 1158 2041 locorum,

72 2050 133 2092 Et
160 2052 274 2093 vario
304 2051 507 2093 humanas
530 2052 744 2104 percellent
771 2052 940 2105 flamine
970 2054 1128 2093 mentes.

72 2109 250 2151 Fulmen
280 2110 350 2151 ubi
380 2124 428 2152 ex
457 2111 593 2161 Euro,
621 2111 778 2162 fulmen
808 2111 991 2152 volitabit
1019 2110 1070 2151 ab
1100 2110 1272 2160 Austro,

73 2168 132 2209 Et
161 2168 343 2222 Zephyro
373 2169 659 2222 horriferisque
689 2170 833 2211 Arctoi
862 2169 1081 2222 Aquilonis
1111 2168 1161 2210 ab
1192 2170 1325 2222 auris,

76 2227 191 2268 ll'unc
219 2231 369 2269 nautae
391 2229 565 2281 pavidos
587 2231 776 2281 penetrat
800 2232 946 2270 tremor
970 2228 1129 2281 alyidus
1153 2230 1278 2269 artus.

1320 124 1402 165 387

1339 475 1403 504 175

1341 767 1405 800 180

1340 1061 1406 1092 185

1342 1356 1407 1387 190

1340 1649 1405 1680 195

1340 1943 1407 1974 200

1341 2237 1407 2268 205

166 2354 209 2389 V.
235 2359 417 2390 177—182
441 2355 511 2392 Cic.
533 2357 574 2392 de
593 2356 664 2390 div.
685 2355 708 2389 1
728 2358 760 2390 7.
780 2358 837 2390 13.
859 2376 903 2380 ——
925 2359 990 2390 183
1005 2367 1082 2399 sqq.
1102 2355 1145 2390 de
1163 2356 1233 2390 div.
1255 2354 1330 2390 Is.
1352 2357 1407 2389 14.

1124 2413 1196 2448 25ἔς
