1673 2505
252 62 338 104 298
776 61 1074 96 FRAGMENTA

254 184 435 224 quorum
475 170 616 224 erupit
652 169 728 211 illa
767 184 867 223 vox,
911 168 961 210 de
1000 183 1083 223 qua
1121 184 1200 225 ego
1239 184 1289 211 ex
1325 172 1368 211 te
1405 170 1591 224 primum
1662 221 1663 231 γ

254 229 456 283 quiddam
489 228 766 270 inaudieram.

583 330 648 367 AD
675 329 881 365 EUNDEM
905 330 1050 367 EPIST.
1076 330 1165 366 LIB.
1191 332 1254 366 III.

342 405 380 446 3.
418 405 526 445 Nou.
556 417 601 456 Ρ.
633 406 701 445 92.
732 406 788 445 21
827 402 962 445 Cicero
997 427 1047 433 —
1085 405 1142 446 ad
1170 403 1354 446 Pansam
1392 404 1457 445 lib.
1488 404 1591 445 HI.-

252 477 331 505 nos
363 462 636 503 Ventidianis
668 461 911 503 rumoribus
944 462 1189 503 calfieimur.
1628 474 1655 501 5Λ

519 565 582 600 AD
610 564 816 600 EUNDEM
841 564 906 599 EX
929 564 1073 601 LIBRO
1100 565 1322 602 INCERTO.

342 639 380 680 4.
421 637 606 680 Graium.
644 639 721 679 iuc.
758 639 805 679 cle
842 638 932 679 (lub.
968 652 1074 680 noui.
1109 639 1154 679 T.
1194 638 1235 680 V
1250 653 1293 691 Ρ.
1325 641 1422 680 572.
1452 642 1508 680 17
1538 639 1593 679 Κ.
1660 617 1661 629 ¹

253 697 445 739 Bai-ones
478 698 711 750 dicendum,
743 697 847 738 sicut
878 696 1013 738 Cicero
1044 697 1101 739 ad
1129 697 1325 739 Pansam.

444 899 533 937 VII.
578 900 650 937 AD
682 900 730 937 A.
761 899 993 938 HIRTIUM
1023 900 1184 939 EPIST.
1217 900 1318 940 LIB.
1349 900 1400 938 II.

346 993 382 1032 1.
408 991 572 1032 Nouius
588 1004 631 1043 Ρ.
654 993 752 1032 204.
777 993 831 1031 14
856 990 919 1032 M.
947 990 1108 1033 Tullius
1132 992 1189 1033 acl
1211 991 1402 1032 Hirtium
1428 990 1492 1032 lib.
1518 989 1594 1031 II:
1615 1002 1646 1028 ιο

253 1048 348 1098 Qua
378 1049 424 1090 in
454 1064 500 1091 re
533 1049 570 1090 si
601 1049 873 1090 mediocriter
904 1049 1051 1104 lapsus
1084 1064 1191 1104 sum,
1223 1049 1421 1092 defendes
1454 1063 1594 1090 meum
1657 1076 1659 1088 2

255 1108 484 1150 tolerabile
518 1111 719 1149 erratum.

595 1211 659 1246 AD
686 1210 892 1245 EUNDEM
916 1210 1062 1247 EPIST.
1089 1211 1177 1247 LIB.
1204 1211 1247 1246 V.

343 1286 381 1327 2.
408 1285 516 1326 Nou.
534 1298 577 1337 Ρ.
603 1288 670 1325 37.
695 1287 753 1325 24
780 1284 841 1325 M.
871 1284 1032 1326 Tullius
1058 1308 1111 1313 —
1138 1285 1195 1326 acl
1216 1285 1408 1326 Hirtium
1441 1284 1507 1326 lib.
1540 1283 1595 1326 V:
1656 1280 1658 1313 ἱ

254 1347 298 1386 et
330 1343 550 1398 quoniam,
587 1345 635 1383 ut
666 1342 748 1384 hoe
778 1345 948 1397 tempus
982 1345 1064 1397 est,
1095 1343 1204 1384 nihil
1235 1343 1391 1397 habeo,
1429 1343 1595 1398 patriae
1615 1351 1649 1380 1⁵⁴¹

255 1403 369 1458 quod
400 1401 656 1458 impertiam.
1656 1411 1657 1417 ¹

576 1505 641 1540 AD
668 1504 875 1540 EUNDEM
901 1504 1045 1539 EPIST.
1072 1504 1160 1539 LIB.
1188 1504 1266 1540 VII.

344 1579 382 1621 3.
410 1578 517 1620 Non.
537 1592 580 1631 Ρ.
605 1580 703 1619 437.
727 1580 785 1620 ,29
810 1578 873 1619 M
901 1578 1064 1620 Tullius
1091 1579 1148 1620 acl
1170 1578 1361 1619 Hiolium
1394 1578 1458 1619 lib.
1486 1577 1596 1620 VH.-

255 1636 363 1680 Cum
397 1637 509 1678 enim
537 1637 744 1678 nobilitas
775 1636 885 1677 nihil
919 1637 1035 1678 aliud
1067 1636 1123 1678 sit
1155 1651 1283 1691 quam
1316 1636 1490 1692 cognita
1516 1636 1597 1677 vir-

254 1699 343 1750 tus,
377 1696 471 1750 quis
502 1696 547 1736 in
580 1710 641 1749 eo,
675 1710 800 1749 quem
832 1697 1216 1737 inveterascentem
1247 1695 1391 1737 videat
1424 1695 1478 1737 ad
1508 1695 1596 1750 glo·
1615 1686 1656 1761 2⁰}

254 1756 382 1808 riam,
415 1754 584 1810 generis
619 1754 925 1809 antiquitatem
958 1754 1197 1796 desideret?

589 1858 654 1892 AD
681 1857 888 1893 EUNDEM
914 1858 1058 1893 EPIST.
1085 1857 1173 1893 LIB.
1201 1858 1261 1893 IX.

343 1933 382 1972 4.
403 1932 510 1973 Nou.
523 1945 566 1983 Ρ.
582 1933 675 1972 450.
689 1934 720 1972 2
733 1931 795 1972 M.
812 1931 974 1973 Tullius
998 1955 1044 1960 —-
1069 1932 1125 1972 ad
1136 1931 1326 1972 Hirtium
1346 1931 1411 1972 lib.
1434 1929 1598 1972 VIIII:
1663 1972 1667 1988 ᾗ

255 1990 372 2044 dieis,
399 1990 521 2044 quasi
541 1990 652 2032 istuc
671 1990 867 2031 intereat.
905 1988 1075 2040 Nescio,
1099 1989 1183 2030 nisi
1209 1992 1355 2030 tamen
1381 1991 1473 2030 erat
1494 1988 1598 2030 mihi

253 2049 483 2091 iucundum
498 2048 527 2102 †
547 2048 753 2090 severitus
773 2063 826 2090 ne
843 2049 915 2103 qui
939 2063 1084 2090 casum
1104 2049 1333 2103 perimeret
1354 2047 1598 2103 superioris.
1616 2056 1645 2084 2⁵

519 2152 583 2187 AD
611 2151 818 2187 EUNDEM
842 2152 908 2187 EX
932 2151 1076 2187 LIBRO
1103 2150 1326 2187 INCERTO.

343 2225 382 2266 5.
414 2226 522 2266 Non.
548 2240 591 2278 Ρ.
624 2229 720 2267 212.
753 2229 807 2266 14
843 2224 1026 2266 ‘Litium'
1054 2238 1196 2277 yenere
1225 2228 1388 2274 mutia·
1419 2228 1458 2266 et
1486 2224 1598 2278 apud

253 2282 483 2326 Ciceronem
525 2285 570 2325 izi
617 2285 800 2336 epistulis
843 2285 899 2325 acl
939 2284 1132 2325 Hirtium
1177 2284 1318 2325 lectum
1357 2287 1415 2325 est
1442 2283 1602 2337 plurali
1650 2308 1651 2318 ³
