1663 2490
393 63 482 99 LIB.
508 63 570 99 111.
610 62 710 98 CAP.
740 67 794 108 12,
822 67 875 99 13.
913 66 933 105 ς
958 66 1108 98 51—5'1.
1349 63 1430 103 107

91 175 169 215 est
211 172 340 213 enim
385 171 524 212 aliud
568 171 763 212 erranti
807 170 938 212 viam
982 185 1081 212 non
1125 172 1432 224 monstrare,

91 230 222 287 quod
241 229 460 271 Athenis
481 230 924 271 exsecrationibus
950 228 1174 285 publicis
1202 231 1431 270 sanctum

92 292 186 344 est,
218 289 259 330 si
291 288 385 330 hoc
409 303 505 330 non
533 291 628 342 est,
660 292 939 343 emptorem
965 288 1075 343 pati
1101 302 1244 329 ruere
1271 290 1319 329 et
1345 302 1432 342 per

92 361 314 390 errorem
346 347 397 388 in
429 348 695 388 maximam
724 347 952 389 fraudem
978 346 1268 388 incurrere?
1313 346 1431 387 Plus

56 406 243 448 setiam
277 408 354 447 est
386 420 532 460 quam
564 406 697 447 viam
728 420 826 447 non
859 408 1165 459 monstrare3
1205 419 1317 446 nam
1357 408 1433 446 est

92 465 338 507 scientem
364 464 414 505 in
441 479 663 506 errorem
693 465 911 506 alterum
944 463 1209 506 inducere?
1254 463 1408 520 Dioge·
1429 470 1501 511 (55)

90 538 165 566 nes
198 526 364 565 contra:
404 522 551 564 ‘Num
589 526 638 564 te
677 538 838 565 emere
877 524 1064 579 coegit,
1103 523 1187 577 qui
1223 537 1282 564 ne
1320 523 1433 564 hor-

90 585 229 624 tatus
275 581 474 637 quidem
520 583 625 624 est‘?
696 581 815 636 Ille,
860 582 991 637 quod
1034 596 1133 623 non
1175 582 1433 636 placebat,

91 641 423 697 proscripsit,
449 644 519 694 tu,
552 640 681 696 quod
707 642 965 696 placebat,
992 640 1175 682 emisti.
1226 639 1434 694 Quodsi,

43 714 72 738 ιο
94 700 177 755 qui
215 700 550 755 proscribunt
587 700 767 742 villam
805 701 987 742 bonam
1030 701 1257 754 beneque
1301 699 1434 741 aedi-

90 759 320 814 ficatam,
362 773 461 801 non
505 759 871 800 existimantur
907 759 1184 812 fefellisse,
1229 758 1434 800 etiamsi

0 839 1 862 1
90 818 186 859 illa
216 832 304 860 nec
336 818 467 860 bona
499 821 575 859 est
600 832 689 860 nec
716 818 995 860 aedificata
1020 818 1240 871 ratione,
1271 818 1434 859 multo

0 864 1 931 l
91 877 273 932 minus,
319 877 403 932 qui
441 877 641 918 domum
680 892 779 918 non
817 877 1105 918 laudarunt.
1168 876 1266 918 Ubi
1306 876 1434 917 enim

0 934 2 962 t
91 936 333 978 iudicium
385 936 632 990 emptoris
684 938 779 990 est,
828 936 902 977 ibi
949 935 1091 977 fraus
1142 935 1435 976 venditoris

40 1006 72 1032 15
93 1009 218 1048 quae
244 997 418 1049 potest
444 995 583 1036 esse?
634 993 720 1035 Sin
747 997 914 1036 autem
947 994 1136 1036 dictum
1168 1008 1266 1035 non
1293 1008 1435 1035 omne

91 1053 454 1108 praestandum
481 1056 576 1107 est,
604 1054 734 1107 quod
761 1053 951 1095 dictum
976 1067 1073 1094 non
1101 1055 1195 1106 est,
1221 1052 1271 1093 id
1292 1067 1436 1107 prae-

92 1112 328 1153 standum
360 1112 543 1167 putas?
607 1112 735 1160 Quid
766 1127 885 1154 vero
920 1114 997 1153 est
1035 1111 1250 1153 stultius
1291 1126 1435 1165 quam

91 1171 415 1213 venditorem
454 1171 560 1212 eius
599 1171 689 1225 rei,
729 1186 874 1226 quam
911 1171 1113 1224 vendat,
1157 1170 1288 1211 vitia
1324 1185 1437 1211 nar-

95 1230 237 1272 rare?
271 1230 390 1284 quid
422 1232 589 1271 autem
620 1232 722 1271 tam
761 1229 1050 1284 absurdum,
1090 1244 1234 1283 quam
1273 1229 1315 1270 si
1356 1229 1437 1271 do·

40 1300 74 1326 20
94 1288 215 1330 mini
255 1289 397 1330 iussu
434 1289 508 1330 ita
545 1303 727 1344 praeco
762 1289 1044 1344 praedicet:
1086 1287 1318 1329 ‘Domum
1355 1302 1436 1343 pe-

94 1348 356 1389 stilentem
393 1347 621 1389 vendo?’'
685 1346 754 1390 Sic
786 1362 888 1403 ergo
920 1348 966 1389 in
998 1347 1255 1400 quibusdam
1296 1347 1436 1388 causis
1464 1358 1504 1389 56

94 1407 233 1448 dubiis
266 1421 315 1448 ex
348 1407 485 1448 altera
516 1409 640 1461 parte
673 1406 914 1448 defenditur
946 1407 1168 1459 honestas,
1210 1420 1260 1447 ex
1299 1406 1437 1447 altera

92 1466 155 1507 ita
188 1466 238 1507 de
269 1465 459 1507 utilitate
485 1466 650 1520 dicitur,
682 1468 730 1507 ut
753 1466 808 1521 id,
842 1465 953 1520 quod
979 1466 1087 1507 utile
1114 1465 1319 1518 videatur,
1350 1479 1437 1506 non

93 1524 219 1566 modo
242 1524 382 1566 facere
407 1525 636 1566 honestum
664 1525 732 1578 sit,
759 1525 833 1567 sed
865 1524 996 1566 etiam
1022 1539 1108 1566 non
1134 1524 1273 1566 facere
1299 1526 1436 1578 turpe.

41 1594 74 1619 25
92 1583 210 1625 Haec
242 1586 309 1625 est
338 1584 427 1637 illa,
459 1598 566 1639 quae
599 1583 767 1625 videtur
798 1584 970 1625 utilium
1001 1583 1095 1625 fieri
1120 1597 1217 1625 eum
1242 1583 1437 1625 honestis

94 1657 220 1698 saepe
253 1643 473 1684 dissensio.
524 1642 638 1692 Quae
672 1642 942 1684 diiudicanda
971 1645 1088 1696 sunt3
1119 1656 1206 1684 non
1232 1641 1357 1695 enim,
1388 1644 1437 1683 ut

94 1716 413 1756 quaereremus,
444 1702 736 1757 exposuimus,
768 1702 842 1743 sed
873 1705 921 1742 ut
953 1701 1275 1756 explicaremus.
1337 1699 1438 1742 Non
1463 1711 1505 1742 57

93 1760 227 1816 igitur
264 1761 434 1802 videtur
469 1775 546 1803 nec
583 1760 891 1802 frumentarius
929 1760 1002 1801 ille
1034 1759 1227 1801 Rhodios
1258 1774 1336 1801 nec
1368 1760 1438 1802 hic

95 1820 262 1861 aedium
281 1820 478 1862 venditor
504 1820 641 1862 celare
663 1823 878 1874 emptores
900 1819 1107 1860 debuisse.
1150 1818 1300 1873 Neque
1324 1819 1438 1860 enim

41 1888 75 1914 30
95 1878 137 1919 id
162 1881 228 1920 est
253 1879 403 1933 celare,
429 1879 630 1933 quicquid
654 1879 848 1933 reticeas,
874 1878 947 1919 sed
968 1893 1075 1931 cum,
1102 1877 1215 1932 quod
1240 1880 1288 1919 tu
1314 1878 1438 1932 scias,

93 1937 137 1978 id
172 1937 372 1993 ignorare
411 1938 690 1979 emolumenti
727 1938 792 1979 tui
824 1952 952 1979 causa
983 1937 1090 1978 velis
1123 1950 1212 1991 eos,
1254 1951 1437 1990 quorum

93 1996 265 2038 intersit
296 1997 339 2038 id
371 1997 489 2039 scire.
550 1996 645 2039 Hoc
678 2000 822 2039 autem
855 1996 1020 2038 celandi
1053 2010 1187 2051 genus
1221 1996 1347 2050 quale
1379 1996 1437 2037 sit

94 2058 137 2096 et
168 2055 286 2097 cuius
319 2056 524 2110 hominis,
557 2056 651 2110 quis
683 2071 770 2097 non
801 2055 946 2097 videt?
1010 2053 1136 2097 Certe
1166 2069 1253 2096 non
1286 2055 1437 2110 aperti,

93 2128 180 2156 non
210 2115 430 2170 simplicis,
461 2129 548 2157 non
578 2115 772 2171 ingenui,
809 2129 895 2156 non
926 2114 1048 2167 iusti,
1084 2127 1172 2155 non
1208 2113 1290 2155 viri
1322 2113 1438 2167 boni,

42 2183 75 2209 35
94 2174 255 2215 versuti
273 2174 431 2229 potius,
451 2174 634 2227 obscuri,
655 2174 801 2228 astuti,
826 2173 1008 2226 fallacis,
1032 2172 1253 2227 malitiosi,
1280 2172 1437 2222 callidi,

94 2233 366 2287 veteratoris,
403 2233 526 2276 vafri.
587 2232 706 2275 Haec
743 2235 811 2275 tot
849 2235 892 2273 et
930 2233 1016 2274 aha
1046 2232 1172 2288 plura
1203 2245 1344 2274 nonne
1375 2232 1432 2274 in*

93 2291 199 2333 utile
231 2294 296 2333 est
326 2292 531 2334 vitiorum
564 2292 707 2334 subire
739 2291 944 2334 nomina?
