1673 2505
603 65 664 110 111,
691 64 752 100 IV.
803 69 822 108 g
848 69 998 100 22-27.
1374 68 1459 108 205

121 187 228 228 quae
266 172 417 226 cuique
454 175 628 227 peccato
667 187 805 228 poena
842 173 916 227 sit,
957 172 1029 214 sed
1069 176 1275 227 quantum
1309 174 1459 228 cuique

119 231 260 286 liceat,
292 233 487 286 spectare
514 231 734 286 debemus;
766 231 966 287 quiequid
990 246 1077 273 non
1106 235 1289 287 oportet,
1322 233 1460 274 scelus

121 304 225 344 esse,
245 289 448 356 quicquid
465 303 553 331 non
572 289 685 342 licet,
704 289 824 332 nefas
844 293 996 346 putare
1013 290 1226 332 debemus.
1259 290 1460 332 Etiamne

119 348 164 390 in
202 348 390 389 minimis
433 348 590 390 rebus?
651 348 816 403 Etiam,
859 349 1069 404 siquidem
1106 364 1248 391 rerum
1287 350 1459 391 modum

84 419 99 444 ⁵
119 407 251 462 figere
281 421 368 448 non
399 421 640 462 possumus,
672 408 911 450 animorum
944 408 1117 450 modum
1143 411 1288 450 tenere
1313 423 1460 463 possu-

119 480 225 507 mus.
285 465 454 507 Histrio
499 466 536 507 si
578 467 755 521 paulum
801 481 844 508 se
888 468 1025 509 movit
1063 470 1183 509 extra
1223 482 1460 522 numerum,

120 527 195 566 aut
237 524 275 566 si
312 539 461 566 versus
506 526 810 579 pronuntiatus
859 529 926 567 est
963 527 1132 593 syllaba
1168 541 1254 568 una
1291 527 1461 568 brevior

119 585 194 624 aut
224 583 413 639 longior,
445 583 715 638 exsibilatur,
754 585 1015 650 exploditur3
1051 586 1096 626 in
1127 585 1219 627 vita
1247 588 1314 639 tu,
1352 600 1460 640 quae

119 642 235 684 omni
269 645 394 698 gestu
426 642 699 696 modeiatior,
731 644 846 685 omni
879 659 1004 685 versu
1037 644 1179 699 aptior
1204 658 1297 685 esse
1323 644 1461 698 debet,

68 700 163 742 min
200 701 371 767 syllaba
409 703 452 742 te
489 716 687 757 peccasse
726 702 868 744 dices?
930 702 1109 745 Poetam
1140 717 1226 744 non
1259 703 1384 745 audio
1416 704 1461 744 in

117 759 263 815 nugis;
294 760 339 801 in
370 760 483 802 vitae
515 761 721 802 societate
753 761 923 802 audiam
949 762 1085 803 civem
1111 762 1259 818 digitis
1285 765 1462 817 peccata

118 793 412 860 dimetientem
445 819 550 860 sua?
612 817 657 861 Si
689 819 765 874 vis,
798 834 899 861 sane
932 821 1020 862 sint
1050 821 1265 875 breviora,
1298 821 1462 863 leviora

119 878 192 932 qui
228 881 412 933 possunt
449 878 611 920 videri?
655 893 767 933 cum,
806 879 1006 934 quicquid
1042 883 1260 934 peccetur,
1296 883 1461 935 pertur-

117 936 293 978 batione
336 940 535 992 peccetur
577 937 756 979 rationis
802 940 930 992 atque
978 938 1157 992 ordinis,
1206 939 1462 993 perturbata

66 1006 98 1032 15
118 997 262 1036 autem
295 996 425 1037 semel
457 996 625 1037 ratione
657 999 700 1037 et
732 996 877 1038 ordine
909 997 1017 1038 nihil
1050 997 1189 1052 possit
1221 997 1336 1052 addi,
1377 1013 1460 1052 quo

118 1054 258 1109 magis
289 1054 456 1108 peccari
488 1068 614 1109 posse
646 1054 852 1096 videatur.

533 1241 942 1285 PARADOXON
974 1242 1048 1285 IV.

224 1309 316 1353 ’Ότι
346 1314 431 1362 πᾶς
461 1309 620 1367 ἄφρων
651 1316 862 1367 μαίνεται.

205 1405 301 1462 Ego
328 1421 427 1449 vero
453 1409 496 1448 te
521 1421 609 1449 non
633 1409 829 1463 stultum,
860 1411 908 1449 ut
935 1422 1073 1463 saepe,
1104 1422 1192 1450 non
1217 1409 1459 1465 inprobum,

65 1478 99 1503 20
121 1469 166 1507 ut
197 1479 383 1520 semper,
416 1465 489 1507 sed
521 1466 761 1508 dementem
795 1501 803 1508 .
834 1501 840 1508 .
876 1501 883 1508 .
917 1501 924 1508 .

226 1617 234 1624 .
266 1583 392 1625 rebus
426 1583 479 1624 ad
512 1584 671 1626 victum
696 1584 948 1626 necessariis
975 1599 1067 1626 esse
1093 1584 1277 1627 invictus
1303 1587 1460 1640 potest.

118 1640 334 1697 Sapientis
354 1642 520 1684 animus
541 1643 836 1698 magnitudine
855 1643 1035 1698 consilii,
1064 1644 1298 1686 tolerantia
1318 1659 1460 1686 rerum

117 1701 414 1756 humanarum,
439 1702 757 1757 contemptione
782 1702 994 1755 fortunae,
1019 1702 1254 1744 virtutibus
1280 1702 1460 1758 denique

64 1772 98 1798 2⁵
117 1760 316 1802 omnibus
342 1762 390 1801 ut
415 1761 639 1802 moenibus
659 1763 833 1816 saeptus
854 1760 1047 1803 vincetur
1067 1764 1110 1803 et
1130 1762 1460 1817 expugnabitur,

117 1819 190 1874 qui
225 1833 279 1860 ne
317 1819 494 1861 civitate
526 1819 696 1874 quidem
727 1819 833 1875 pelli
863 1820 1037 1874 potest?
1099 1818 1216 1868 Quae
1248 1823 1314 1862 est
1346 1821 1455 1863 enim

116 1877 298 1921 civitas?
356 1878 550 1920 omnisne
582 1882 816 1921 conventus
849 1879 980 1920 etiam
1012 1879 1200 1921 ferorum
1233 1882 1276 1921 et
1309 1879 1458 1922 imma·

114 1936 263 1978 nium?
301 1937 496 1979 omnisne
533 1937 665 1979 etiam
702 1937 986 1994 fugitivorum
1026 1953 1074 1979 ac
1111 1938 1330 1980 latronum
1361 1953 1458 1980 con-

118 1999 299 2052 gregata
334 2010 467 2038 unum
504 1996 549 2037 in
588 1997 730 2038 locum
775 1996 1038 2039 multitudo?
1100 1995 1227 2039 Certe
1264 1998 1457 2053 negabis.

63 2065 98 2093 so
116 2053 216 2096 Non
257 2054 392 2111 igitur
436 2057 529 2097 erat
566 2055 644 2097 illa
686 2059 778 2097 tum
823 2055 992 2110 civitas,
1037 2070 1133 2098 cum
1171 2056 1289 2113 leges
1326 2056 1371 2098 in
1410 2071 1459 2099 ea

114 2113 224 2155 nihil
254 2114 471 2169 valebant,
501 2128 598 2156 cum
623 2114 780 2157 iudicia
804 2115 1015 2165 iacebant,
1047 2125 1262 2157 cum'mos
1288 2116 1457 2170 patrius

116 2171 340 2227 occiderat,
360 2187 457 2215 cum
474 2172 590 2216 ferro
606 2174 744 2229 pulsis
766 2173 1096 2229 magistratibus
1113 2177 1287 2216 senatus
1301 2189 1459 2217 nomen

112 2230 161 2272 in
190 2245 237 2273 re
267 2231 440 2286 publica
468 2246 556 2274 non
588 2235 702 2289 erat3
750 2233 1012 2287 praedonum
1047 2233 1122 2275 ille
1153 2247 1382 2275 concursus
1416 2236 1459 2275 et

113 2291 158 2332 te
196 2289 299 2333 duce
335 2290 609 2334 latrocinium
646 2292 691 2334 in
726 2291 822 2334 foro
858 2291 1142 2334 constitutum
1174 2295 1217 2334 et
1248 2292 1456 2347 reliquiae

1486 480 1529 511 26
