1663 2490
86 501 128 532 46

88 843 139 884 11

88 1265 128 1296 47

90 1969 130 2001 28

154 29 240 69 104
692 27 757 62 DE
783 27 982 63 OFFICIIS

152 136 265 177 inter
297 150 341 177 se
372 135 517 191 fuisse,
547 138 606 190 ut,
638 150 734 177 cum
766 149 911 176 eorum
944 135 1070 176 alteri
1091 135 1324 190 Dionysius
1351 138 1492 190 tyran-

152 209 233 236 nus
266 194 377 236 diem
407 195 522 237 necis
556 193 859 236 destinavisset
890 195 933 234 et
963 194 1012 247 is,
1045 193 1117 248 qui
1142 194 1273 235 morti
1299 194 1492 237 addictus

155 256 279 307 esset,
304 268 462 308 paucos
490 253 573 294 sibi
593 253 682 294 dies
708 251 1141 294 commendandorum
1165 267 1340 294 suorum
1364 268 1493 295 causa

154 312 475 368 postulavisset,
495 326 570 353 vas
589 311 729 353 factus
750 311 807 351 sit
827 311 938 352 alter
956 311 1046 352 eius
1067 311 1257 366 sistendi,
1277 314 1338 366 ut,
1358 312 1394 353 si
1418 312 1493 353 ille

153 385 239 413 non
259 371 519 424 revertisset,
540 369 807 411 moriendum
827 372 939 410 esset
957 369 1053 424 ipsi.
1092 369 1172 417 Qui
1193 385 1288 412 cum
1309 370 1362 412 ad
1382 371 1493 411 diem

155 444 199 471 se
231 430 473 484 recepisset,
505 429 741 470 admiratus
769 442 915 469 eorum
940 428 1067 469 fidem
1092 431 1301 482 tyrannus
1327 429 1494 484 petivit,

154 491 203 530 ut
241 503 286 530 se
324 489 376 529 ad
415 488 649 529 amicitiam
680 486 857 528 tertium
890 487 1161 529 ascriberent.
1224 487 1331 530 Cum
1361 488 1494 543 igitur

154 548 209 601 id,
242 547 354 601 quod
386 547 491 588 utile
517 546 686 587 videtur
709 546 755 586 in
781 545 981 598 amicitia,
1013 561 1109 587 cum
1135 561 1196 600 eo,
1229 547 1342 600 quod
1366 546 1495 588 hone-

155 609 270 647 stum
302 608 379 659 est,
411 607 703 660 comparatur,
734 605 872 646 iaceat
901 604 1108 646 utilitatis
1141 605 1320 659 species,
1351 606 1495 646 valeat

154 666 378 718 honestas3
416 679 511 706 cum
550 666 693 704 autem
730 663 775 703 in
813 662 1019 716 amicitia,
1057 677 1165 717 quae
1196 663 1378 705 honesta
1408 679 1495 705 non

156 726 267 777 sunt,
298 723 646 777 postulabuntur,
680 721 831 777 religio
865 724 907 763 et
937 721 1041 762 fides
1074 724 1362 776 anteponatur
1394 723 1495 764 ami-

155 782 291 824 citiae.
324 780 393 823 Sic
412 782 643 823 habebitur
656 781 705 834 is,
725 795 851 835 quem
864 780 1138 835 exquirimus,
1158 781 1338 822 dilectus
1354 780 1495 823 officii.

244 839 326 882 Sed
357 840 559 882 utilitatis
593 840 731 894 specie
762 840 808 880 in
838 853 883 880 re
914 839 1087 894 publica
1123 839 1372 894 saepissime
1403 854 1495 895 pec-

156 902 287 953 catur,
312 902 360 940 ut
385 899 431 940 in
451 898 649 941 Corinthi
672 898 984 939 disturbatione
1010 898 1166 952 nostri3
1192 898 1337 940 durius
1365 899 1494 940 etiam

155 933 459 1011 Athenienses,
498 958 570 1012 qui
608 957 840 1011 sciverunt,
878 959 926 998 ut
962 956 1205 1012 Aeginetis,
1250 957 1321 1012 qui
1359 958 1494 999 classe

154 1018 371 1071 valebant,
395 992 574 1072 pollices
594 1016 951 1072 plaeciderentur.
994 1015 1088 1057 Hoc
1113 1016 1253 1057 visum
1280 1019 1346 1057 est
1370 1016 1496 1070 utile3

154 1076 283 1118 nimis
315 1076 429 1117 enim
453 1076 708 1117 imminebat
732 1077 909 1130 propter
934 1075 1302 1130 propinquitatem
1326 1075 1496 1131 Aegina

155 1135 319 1177 Piraeo.
381 1133 463 1176 Sed
493 1135 621 1188 nihil,
653 1134 766 1188 quod
797 1133 984 1187 crudele,
1015 1133 1139 1187 utile3
1181 1137 1246 1175 est
1277 1134 1391 1175 enim
1395 1110 1495 1175 ²³ho-

155 1195 319 1236 minum
343 1196 536 1247 naturae,
569 1208 697 1248 quam
723 1192 843 1247 sequi
869 1192 1083 1246 debemus,
1114 1193 1297 1234 maxime
1322 1193 1496 1234 inimica

156 1253 398 1295 crudelitas.
460 1252 573 1293 Male
612 1252 760 1305 etiam,
805 1251 877 1305 qui
920 1251 1170 1306 peregrinos
1208 1251 1386 1292 urbibus
1430 1252 1495 1292 uti

153 1312 385 1368 prohibent
417 1325 572 1365 eosque
605 1309 903 1364 exterminant,
934 1312 983 1351 ut
1007 1309 1178 1351 Pennus
1205 1310 1317 1365 apud
1349 1312 1495 1365 patres

153 1373 339 1425 nostros,
370 1369 529 1424 Papius
561 1384 707 1424 nuper.
768 1368 883 1410 Nam
915 1383 1007 1410 esse
1038 1383 1116 1423 pro
1150 1369 1252 1422 cive,
1288 1369 1360 1423 qui
1392 1369 1496 1411 civis

153 1445 241 1471 non
274 1429 348 1483 sit,
379 1431 544 1470 rectum
577 1431 642 1470 est
672 1442 758 1469 non
789 1427 934 1482 licere3
972 1442 1100 1482 quam
1132 1428 1272 1482 legem
1304 1428 1497 1469 tulerunt

156 1487 464 1543 sapientissimi
502 1487 697 1529 consules
729 1485 909 1528 Crassus
949 1489 991 1527 et
1023 1485 1243 1541 Scaevola3
1284 1501 1362 1528 usu
1393 1501 1494 1528 vero

154 1547 273 1588 urbis
305 1546 534 1602 prohibere
566 1545 815 1601 peregrinos
848 1559 949 1586 sane
980 1545 1262 1587 inhumanum
1288 1548 1364 1587 est.
1414 1544 1496 1586 Illa

154 1606 396 1661 praeclara,
438 1605 484 1646 in
523 1605 676 1659 quibus
714 1604 911 1660 publicae
948 1604 1154 1645 utilitatis
1194 1604 1355 1659 species
1392 1618 1496 1659 prae

155 1666 381 1707 honestate
414 1664 712 1706 contemnitur.
761 1663 894 1704 Plena
926 1663 1219 1718 exemplorum
1251 1665 1316 1704 est
1346 1665 1497 1704 nostra

155 1739 223 1765 res
267 1723 440 1778 publica
484 1738 579 1764 cum
625 1736 768 1777 saepe,
814 1725 907 1763 tum
950 1723 1134 1763 maxime
1177 1722 1292 1763 bello
1335 1721 1496 1763 Punico

157 1783 360 1836 secund03
405 1797 512 1836 quae
551 1780 764 1823 Cannensi
808 1780 1055 1822 calamitate
1099 1783 1274 1836 accepta
1312 1780 1495 1822 maiores

157 1841 323 1883 animos
362 1841 516 1882 habuit
555 1855 684 1895 quam
720 1854 925 1894 umquam
962 1840 1088 1881 rebus
1127 1839 1339 1893 secundis3
1376 1840 1497 1880 nulla

156 1900 326 1941 timoris
360 1900 631 1955 significatio,
662 1898 783 1940 nulla
809 1898 969 1940 mentio
996 1898 1125 1953 pacis.
1175 1898 1315 1939 Tanta
1339 1898 1403 1939 vis
1432 1900 1497 1939 est

156 1959 345 2012 honesti,
389 1961 438 1999 ut
479 1958 663 2014 speciem
699 1957 902 1998 utilitatis
942 1957 1150 1999 obscuret.
1212 1956 1498 1998 Athenienses

158 2032 253 2060 cum
278 2017 508 2059 Persarum
533 2017 743 2072 impetum
774 2016 894 2058 nullo
927 2016 1052 2057 modo
1083 2019 1261 2071 possent
1288 2016 1498 2057 sustinere

158 2079 499 2130 statuerentque,
542 2078 591 2117 ut
634 2075 739 2116 urbe
783 2075 932 2116 relicta
975 2074 1228 2130 coniugibus
1268 2077 1310 2116 et
1351 2074 1499 2116 liberis

157 2135 370 2177 Troezene
407 2135 613 2190 depositis
644 2148 774 2176 naves
808 2134 1137 2176 conscenderent
1168 2134 1498 2188 libertatemque

158 2191 363 2235 Graeciae
384 2193 519 2235 classe
540 2193 824 2247 defenderent,
852 2191 1066 2247 Cyrsilum
1088 2192 1298 2247 quendam
1325 2192 1500 2234 suaden-

157 2255 258 2305 tem,
289 2255 338 2294 ut
369 2252 415 2293 in
445 2252 550 2293 urbe
583 2254 805 2294 manerent
826 2251 1088 2306 Xersemque
1114 2252 1364 2307 reciperent,
1395 2251 1500 2306 lapi-

1517 676 1548 700 10

1517 966 1548 992 15

1517 1262 1549 1286 20

1517 1556 1549 1581 25

1517 1850 1551 1874 30

1520 2142 1553 2168 35

1651 1268 1662 1292 2ss
