1673 2505
96 195 138 276 15

94 986 136 1015 15

92 1748 133 1778 26

166 105 251 146 218
730 105 942 141 TIMAEUS

119 210 257 279 4tur)
290 213 592 268 conpaiatio
631 213 970 268 proportiove
1004 213 1085 255 dici
1117 215 1273 268 potest.
1331 212 1509 262 Quando

166 272 279 313 enim
305 271 437 313 trium
463 272 531 313 vel
556 285 832 313 numerorum
858 271 927 312 vel
952 271 1190 327 figurarum
1216 272 1285 314 vel
1313 286 1511 326 quorum-

165 345 346 384 cumque
379 344 584 386 generum
622 329 836 384 contingit
867 332 933 382 ut,
971 330 1086 384 quod
1123 330 1310 372 medium
1350 330 1424 384 sit,
1462 334 1511 372 ut

144 389 205 433 ,01
235 389 423 454 primum
453 387 750 443 proportione,
791 388 854 429 ita
890 363 934 429 id
965 391 1185 454 postremo
1224 391 1509 444 comparetur,

165 447 450 501 vicissimque,
482 449 531 488 ut
556 449 795 487 extremum
815 461 911 488 cum
931 447 1084 501 medio,
1116 447 1176 489 sic
1201 447 1389 489 medium
1414 462 1511 489 cum

164 506 304 561 primo
337 505 595 559 conferatur,
627 504 683 559 id,
715 505 828 560 quod
859 505 1045 546 medium
1078 507 1162 560 est,
1199 509 1292 547 tum
1322 506 1511 561 primum

164 565 226 618 fit,
259 567 352 605 tum
384 565 663 618 postremum,
695 566 916 618 postrema
948 566 1093 605 autem
1126 567 1169 605 et
1201 564 1341 618 prima
1371 564 1511 605 media

164 623 292 675 fiunt3
335 622 398 663 ita
434 622 669 664 necessitas
708 622 843 678 cogit,
886 624 936 664 ut
980 622 1127 664 eadem
1166 622 1253 663 sint
1291 638 1357 677 ea,
1403 638 1510 677 quae

165 681 356 722 diiuncta
385 680 580 735 fuerant3
613 680 761 722 eadem
793 683 938 722 autem
970 696 1066 723 cum
1097 681 1215 722 facta
1247 681 1351 736 sint,
1383 681 1510 723 effici-

164 742 253 793 tur,
297 742 346 780 ut
389 739 536 781 omnia
577 739 664 780 sint
706 754 849 781 unum.
911 739 1074 788 Quodsi
1116 739 1306 781 universi
1355 754 1509 794 corpus

163 773 343 852 plaiium
381 800 424 839 et
462 798 687 852 aequabile
726 798 1013 854 explicaretur
1052 812 1190 853 neque
1227 798 1272 839 in
1309 812 1359 840 00
1398 799 1510 852 quie-

165 871 294 910 quam
321 859 436 898 esset
455 856 485 910 †
510 856 778 911 requisitum,
803 871 936 898 unum
956 857 1227 899 interiectum
1254 856 1441 898 medium
1467 861 1510 899 et

165 929 209 956 se
241 915 383 970 ipsum
417 918 459 957 et
491 930 553 969 ea,
586 915 741 970 quibus
769 918 882 957 esset
907 915 1225 970 interpositum,
1257 916 1509 971 conligaret.

165 973 246 1015 Sed
279 989 375 1016 cum
416 974 613 1016 soliditas
653 974 811 1016 mundo
850 977 1147 1029 quaereretur,
1185 974 1324 1016 solida
1365 978 1509 1016 autem

164 1033 308 1074 omnia
339 1047 424 1074 uno
459 1033 598 1074 medio
629 1047 883 1088 numquam,
916 1033 1081 1075 duobus
1115 1048 1283 1088 semper
1311 1034 1508 1088 copulen-

163 1094 246 1145 tur,
277 1092 341 1133 ita
367 1092 565 1147 contigit,
596 1094 643 1133 ut
674 1092 787 1133 inter
817 1092 963 1148 ignem
996 1095 1123 1146 atque
1156 1095 1315 1134 terram
1352 1107 1509 1147 aquam

163 1150 265 1191 deus
305 1150 577 1205 animamque
621 1153 803 1205 poneret
847 1165 980 1205 eaque
1020 1151 1132 1192 inter
1171 1165 1216 1192 se
1254 1154 1510 1217 conpararet

163 1211 206 1250 et
236 1209 518 1264 proportione
551 1209 842 1265 coniungeret,
874 1212 933 1263 ut,
961 1224 1086 1264 quem
1114 1209 1167 1250 ad
1194 1209 1405 1251 modum
1393 1210 1507 1265 lgnis

162 1268 348 1321 animae,
382 1268 442 1309 sic
480 1268 624 1310 anima
656 1283 810 1323 aquae,
843 1268 1039 1323 quodque
1087 1268 1231 1309 anima
1269 1282 1423 1322 aquae,
1466 1268 1509 1309 id

160 1341 274 1380 aqua
304 1329 445 1368 teirae
465 1326 744 1381 proportione
764 1326 971 1368 r.edderet
1017 1326 1110 1375 Qua
1136 1341 1185 1368 ex
1212 1326 1509 1368 coniunctione

162 1385 329 1426 caelum
367 1385 430 1426 ita
469 1388 618 1439 aptum
663 1387 747 1439 est,
790 1388 839 1426 ut
883 1385 961 1426 sub
1004 1387 1225 1440 aspectum
1264 1388 1307 1426 et
1344 1388 1509 1427 tactum

161 1443 300 1485 cadat.
351 1442 502 1498 Itaque
535 1446 578 1485 et
611 1443 665 1485 ob
698 1458 792 1485 eam
824 1459 996 1486 causam
1025 1447 1068 1485 et
1099 1458 1150 1485 ex
1185 1444 1240 1485 iis
1271 1444 1399 1486 rebus
1436 1459 1509 1485 nu-

162 1516 279 1544 mero
325 1505 531 1556 quattuor
575 1502 722 1544 mundi
767 1504 833 1544 est
876 1517 1030 1557 corpus
1076 1502 1274 1545 effectum
1320 1516 1371 1545 ea
1414 1517 1509 1545 con-

163 1560 362 1602 strictum
394 1561 720 1616 conparatione,
754 1576 838 1616 qua
869 1561 972 1615 dixi3
1014 1576 1064 1603 ex
1097 1576 1180 1616 quo
1212 1561 1305 1616 ipse
1337 1576 1381 1603 se
1413 1576 1508 1603 con-

1531 752 1564 775 10

1532 1043 1563 1068 15

1529 1338 1564 1362 20

162 1619 280 1661 cordi
313 1619 498 1674 quadam
531 1620 722 1662 amicitia
760 1622 804 1661 et
842 1620 1021 1662 caritate
1054 1620 1341 1675 conplectitur
1379 1623 1507 1686 atque
1529 1630 1562 1655 25

161 1678 225 1719 ita
257 1681 358 1733 apte
390 1679 611 1733 cohaeret,
651 1674 700 1720 ut
732 1678 911 1721 dissolvi
946 1680 1066 1721 nullo
1105 1679 1232 1721 modo
1265 1681 1395 1733 queat
1424 1679 1509 1720 nisi

162 1737 216 1778 ab
249 1737 409 1790 eodem,
441 1752 467 1779 a
498 1752 582 1791 quo
616 1740 682 1778 est
713 1737 969 1793 conligatus.
1018 1737 1181 1779 Earum
1214 1740 1358 1779 autem
1388 1741 1508 1792 quat-

160 1798 260 1837 tuor
292 1810 452 1849 rerum,
486 1810 592 1850 quas
626 1810 757 1851 supra
789 1796 886 1850 dixi,
919 1796 979 1838 sic
1011 1797 1056 1837 in
1088 1796 1205 1838 omni
1230 1796 1388 1837 mundo
1413 1811 1508 1851 par-

160 1857 226 1896 tes
259 1869 407 1896 omnes
440 1855 690 1896 conlocatae
722 1857 833 1909 sunt,
865 1857 914 1896 ut
944 1855 1067 1896 nulla
1096 1869 1198 1910 pars
1230 1854 1405 1896 huiusce
1438 1869 1507 1911 ge-

160 1912 274 1954 neris
308 1913 529 1955 excederet
561 1916 699 1968 extra,
738 1916 866 1968 atque
899 1916 948 1955 ut
979 1914 1024 1954 in
1055 1913 1136 1955 hoc
1167 1913 1367 1955 universo
1398 1912 1506 1954 ines-

161 1974 257 2012 sent
290 1985 448 2026 genera
478 1972 557 2013 illa
588 1972 806 2026 universa,
843 1972 887 2013 id
919 1972 974 2014 ob
1008 1986 1079 2013 eas
1112 1986 1281 2025 causas,
1319 1971 1506 2026 primum

160 2032 209 2071 ut
240 2030 423 2072 mundus
457 2030 654 2072 animans
686 2034 835 2085 posset
867 2045 917 2072 ex
948 2030 1150 2086 perfectis
1183 2030 1381 2085 partibus
1414 2045 1507 2072 esse

159 2088 388 2143 perfectUS,
422 2088 572 2131 deinde
603 2091 652 2131 ut
677 2104 786 2131 unus
813 2092 926 2131 esset
952 2089 1073 2131 nulla
1097 2092 1233 2144 parte,
1265 2089 1376 2130 unde
1397 2089 1507 2131 alter

161 2147 423 2202 gigneretur,
455 2148 619 2202 relicta,
651 2150 871 2202 postremo
902 2162 956 2189 ne
987 2148 1059 2202 qui
1085 2147 1261 2189 morbus
1289 2162 1385 2189 eum
1411 2162 1507 2203 pos—

1527 1923 1561 1948 30

90 2217 131 2247 17
161 2208 227 2247 set
258 2208 334 2247 aut
366 2208 562 2248 senectus
595 2207 821 2263 attingere.
869 2205 1018 2248 Omnis
1046 2206 1158 2248 enim
1186 2207 1505 2260 coagmentatio
1527 2217 1560 2242 35

159 2263 352 2319 corporis
385 2264 454 2306 vel
487 2265 644 2306 caloris
682 2266 749 2307 vel
786 2265 963 2321 frigoris
1000 2265 1042 2306 vi
1077 2265 1146 2306 vel
1186 2264 1333 2319 aliqua
1368 2265 1507 2320 inpul-

160 2323 279 2364 sione
305 2322 550 2364 vehementi
576 2324 865 2366 labefactatur
885 2326 927 2365 et
946 2323 1164 2379 frangitur
1185 2325 1227 2365 et
1253 2323 1307 2365 ad
1331 2324 1507 2366 morbos
