1673 2505
207 122 292 163 322
724 118 1023 155 FRAGMENTA

297 229 361 269 77.
394 227 594 269 Priscian.
629 226 674 267 X
702 229 742 267 2.
775 230 828 267 13
850 240 894 278 p.
925 228 1017 266 506.
1048 228 1078 267 2
1104 226 1160 266 Η.
1194 224 1328 268 Cicero
1358 227 1405 268 in
1435 226 1545 268 Hor-

207 287 350 328 tensio:
381 288 425 327 et
457 285 714 326 amoenitate
748 299 916 324 summa
946 284 1188 337 perfructus
1221 287 1297 325 est.

297 345 362 386 78.
395 344 506 384 Non.
530 357 573 395 p.
605 346 698 384 216.
730 345 787 383 12
817 343 879 383 M.
914 342 1075 383 Tullius
1105 343 1151 383 in
1182 342 1425 384 Hortensio:
1464 344 1544 384 sol-

207 403 462 455 lertiamque
488 416 594 454 eain,
618 413 720 452 quae
743 402 891 454 posset
916 400 983 440 vel
1004 399 1049 440 in
1074 399 1234 455 tegulis
1253 401 1544 454 proseminare

208 463 384 501 ostreas.
1581 471 1598 496 5
1656 502 1657 506 Ἰ

297 519 362 559 79.
395 518 503 558 Non.
527 531 570 569 p.
603 520 695 557 401.
720 521 774 558 30
804 517 866 557 M.
895 517 1055 557 Tullius
1086 517 1132 556 in
1156 516 1394 558 Hortensio:
1425 516 1546 558 Vixit

207 577 260 617 ad
292 590 504 617 summam
537 577 799 616 senectutem
833 577 1012 628 optuma
1042 574 1301 615 valetudine.

296 635 362 676 80.
395 634 502 674 Non.
526 647 570 685 p.
602 636 695 674 321.
727 635 779 674 15
811 634 872 674 Μ.
907 633 1069 674 Tullius
1099 633 1145 673 in
1178 632 1420 674 Hortensio:
1459 633 1545 674 Vo-

206 694 396 747 luptates
436 694 579 733 autem
615 691 737 732 nulla
775 691 828 732 ad
865 705 933 732 res
963 691 1228 731 necessarias
1260 690 1546 732 invitamenta

207 752 406 792 adferunt
438 750 622 791 senibus.
1566 764 1601 787 10

295 810 362 851 81.
400 809 618 861 Anyitstin.
656 811 796 849 contra
832 807 990 848 Iulian.
1028 807 1164 859 Pelay.
1201 807 1277 848 IV
1306 812 1371 848 14.
1412 811 1468 849 72
1502 809 1546 850 Τ.

206 868 253 909 X
269 882 310 920 p.
337 871 422 908 408
447 867 491 908 D
515 867 573 908 ed.
599 868 722 907 Antv.
750 870 858 907 1700
893 866 1000 917 Vide,
1031 866 1130 918 qnid
1152 866 1199 906 in
1224 866 1438 908 Hortensii
1461 867 1548 908 dia-

207 927 291 980 loyo
311 927 419 967 dicat
440 926 612 974 Tullius,
637 938 738 977 qnae
762 925 894 977 inayis
917 924 1035 965 verba
1060 927 1095 965 te
1119 924 1309 966 delectare
1333 925 1551 966 debuerant

205 998 329 1037 qnam
360 984 489 1025 Balbi
519 983 745 1025 Stoicorum
769 986 910 1035 partes
940 983 1096 1035 aycntis
1119 983 1195 1035 (N.
1219 982 1275 1024 D.
1300 982 1361 1024 II
1350 984 1387 1036 ).
1438 983 1549 1035 Quae
1653 1026 1655 1042 ἲ

207 1045 296 1084 licet
324 1056 435 1094 vera,
475 1045 608 1083 tamen
639 1042 686 1083 de
708 1044 830 1094 parte
859 1041 1036 1082 hominis
1067 1041 1273 1094 inferiore,
1313 1041 1385 1082 hoc
1415 1045 1472 1083 est
1500 1043 1600 1084 dc15
1653 1043 1654 1048 ’

206 1115 381 1154 corpore,
423 1101 593 1152 fuerunt
631 1103 669 1141 ct
705 1104 738 1140 tc
774 1100 880 1140 nihil
916 1100 1110 1140 adiuvare
1137 1103 1369 1152 potuerant.
1439 1100 1546 1152 Vide,

205 1161 305 1212 qnid
339 1161 412 1200 iste
441 1173 520 1211 pro
557 1159 767 1199 vivacitate
808 1158 954 1199 inentis
996 1161 1137 1198 contra
1178 1159 1421 1211 voluptatem
1464 1172 1545 1199 cor-

203 1219 316 1270 poris
347 1219 476 1259 dicat:
509 1216 578 1257 An
610 1231 723 1269 vero,
753 1217 897 1268 inquit,
929 1216 1174 1270 voluptates
1202 1217 1392 1270 corporis
1426 1231 1547 1271 expe-

205 1276 378 1329 tendae,
416 1290 523 1330 quae
561 1289 658 1316 vere
697 1277 739 1316 et
778 1275 968 1329 graviter
1003 1289 1028 1315 a
1058 1274 1239 1316 Platone
1278 1274 1416 1316 dictae
1448 1278 1547 1316 sunt
1652 1311 1653 1321 ,

205 1335 432 1376 illecebrae
465 1348 556 1374 esse
583 1336 711 1387 atque
738 1347 857 1374 escae
884 1333 1124 1374 malorum?
1170 1332 1286 1380 Quae
1313 1333 1425 1374 enim
1452 1348 1547 1374 con·
1568 1345 1602 1370 20
1651 1337 1653 1357 ³

204 1393 334 1434 sectio
367 1395 444 1444 est,
476 1393 620 1444 inquit,
651 1391 928 1444 valetudinis,
961 1405 1069 1444 quae
1102 1391 1356 1432 deformatio
1390 1392 1545 1433 coloris

207 1454 250 1492 et
281 1451 485 1505 eorporis,
517 1449 630 1504 quod
661 1452 787 1503 turpe
820 1449 1033 1502 damnum,
1065 1450 1179 1503 quod
1211 1449 1401 1504 dedecus,
1434 1451 1547 1504 quod

205 1524 292 1550 non
324 1511 523 1550 evocetur
555 1510 683 1562 atque
722 1507 918 1549 eliciatur
954 1508 1208 1562 voluptate?
1247 1508 1364 1550 ouius
1403 1511 1545 1550 motus

207 1571 253 1609 ut
286 1568 465 1621 quisque
498 1569 564 1607 est
595 1566 823 1620 maximus,
861 1566 923 1606 ita
961 1568 1027 1607 est
1058 1566 1378 1608 inimicissimus
1409 1567 1546 1622 philo·
1650 1602 1651 1606 ,

207 1626 402 1681 sophiae3
443 1639 677 1679 congruere
716 1624 828 1666 enim
866 1639 960 1666 cum
993 1624 1255 1680 cogitatione
1287 1639 1446 1680 magna
1477 1641 1547 1666 vo·
1567 1638 1600 1663 ‘25
1672 1650 1673 1667 ;

206 1686 351 1739 luptas
389 1684 580 1738 corporis
617 1697 705 1724 non
741 1685 903 1737 potest3
947 1683 1041 1737 quis
1087 1683 1217 1737 enim,
1261 1698 1356 1725 cuni
1400 1686 1548 1725 utatur

207 1744 430 1797 voluptate
463 1756 529 1795 ea,
562 1756 646 1795 qua
675 1742 797 1782 nulla
828 1741 967 1796 possit
999 1741 1136 1782 maior
1168 1756 1277 1795 esse,
1320 1742 1547 1784 adtendere

206 1801 362 1854 animo,
393 1801 501 1841 inire
527 1800 750 1852 rationem,
777 1800 967 1855 cogitare
994 1800 1166 1841 omnino
1198 1801 1429 1854 quidquam
1455 1803 1547 1855 pot-

207 1860 300 1901 est?
335 1859 429 1913 quis
460 1861 604 1899 autem
635 1860 782 1900 tantus
816 1861 881 1899 est
913 1872 1084 1913 gurges,
1117 1859 1190 1912 qui
1216 1859 1304 1900 dies
1332 1862 1374 1900 et
1399 1862 1545 1901 noctes

207 1919 296 1959 sine
328 1918 418 1958 ulla
449 1917 615 1958 minimi
647 1916 855 1971 temporis
887 1917 1205 1958 intermissione
1237 1917 1342 1958 velit
1367 1918 1429 1958 ita
1459 1933 1544 1959 mo·
1567 1932 1600 1956 30
1671 1936 1673 1960 2

206 1976 296 2017 veri
316 1990 416 2017 suos
443 1990 604 2029 86118118,
629 1977 678 2016 ut
704 1977 930 2016 moventur
955 1975 1000 2015 in
1023 1975 1200 2016 summis
1220 1976 1546 2030 voluptatibus‘.>
1595 2006 1598 2008 -
1645 2005 1647 2009 ,

206 2034 300 2089 quis
340 2036 483 2075 autem
521 2034 635 2075 bona
672 2035 814 2074 mente
851 2033 1071 2088 praeditus
1106 2047 1192 2074 non
1224 2034 1374 2075 mallet
1405 2035 1547 2075 nullas

207 2092 379 2134 omnino
411 2092 536 2133 nobis
570 2107 595 2133 a
624 2095 780 2133 natura
811 2093 1055 2146 voluptates
1086 2091 1238 2133 datas?
1265 2116 1320 2121 -
1346 2093 1410 2134 Id.
1436 2094 1488 2134 ib.
1515 2093 1556 2134 V

206 2155 243 2193 8.
268 2154 324 2192 33
341 2165 384 2203 p.
417 2153 503 2192 426
522 2151 567 2191 Ε
610 2150 658 2191 Si
687 2151 735 2192 in
765 2151 1006 2202 quibusdam
1035 2151 1140 2192 veris
1169 2151 1376 2193 sententiis
1406 2152 1549 2193 saltem

203 2209 533 2262 philosophorum
577 2209 720 2250 litteris
762 2209 956 2259 crederes,
999 2222 1082 2249 non
1123 2210 1247 2250 surdo
1289 2210 1404 2251 corde
1444 2210 1552 2252 illud
1568 2220 1601 2247 35
1644 2222 1673 2253 1

205 2268 383 2320 audires,
411 2268 517 2319 qnod
539 2267 759 2320 voluptates
783 2267 988 2308 illecebras
1012 2270 1131 2319 atquc
1156 2280 1263 2309 escas
1286 2268 1490 2310 malornm
1514 2272 1552 2310 et

205 2327 396 2368 vitiosam
420 2329 583 2378 partem
613 2326 746 2366 animi
777 2326 967 2367 dixerunt
994 2339 1074 2367 csse
1100 2326 1316 2368 libidinem.
1342 2350 1400 2355 —
1424 2327 1488 2368 Id.
1516 2326 1558 2367 V
