1663 2490
557 74 657 109 CAP.
684 79 718 120 8,
743 79 776 110 9.
825 79 845 117 ξ,
871 79 1020 109 26-32.
1380 74 1462 116 173

121 184 385 239 probitatem
418 184 508 224 eius
547 197 634 224 non
671 183 800 224 nimis
838 182 1001 224 alienos
1040 182 1206 223 animos
1244 182 1463 228 habemus

92 241 306 284 alterum
325 244 503 296 propter
524 241 823 283 crudelitatem
843 255 1010 296 semper
1028 239 1135 281 haec
1149 239 1301 282 civitas
1316 240 1464 282 oderit

209 299 371 349 Quodsi
395 302 523 342 tanta
546 300 612 342 vis
638 300 870 355 probitatis
902 302 980 354 est,
1010 301 1059 341 ut
1090 313 1185 340 eam
1215 299 1285 340 vel
1316 298 1362 340 in
1393 299 1464 347 eis
1492 285 1516 325 9

121 373 228 414 quos
253 373 489 413 numquam
515 358 713 414 vidimus,
744 359 825 413 vel,
860 358 973 414 quod
999 357 1136 399 maius
1163 359 1241 411 est,
1271 357 1316 399 in
1340 357 1464 399 hoste

86 431 101 456 5
120 418 252 460 etiam
283 417 532 473 diligamus,
574 417 676 472 quid
707 418 864 459 mirum
896 419 980 471 est,
1010 417 1048 458 si
1079 416 1212 458 animi
1242 415 1465 458 hominum

121 479 387 531 moveantur,
418 490 515 518 cum
547 490 706 531 eorum,
741 476 996 531 quibuscum
1026 490 1107 517 usu
1132 475 1349 518 coniuncti
1374 490 1465 517 esse

119 538 322 591 possunt,
354 535 560 576 virtutem
593 537 636 577 et
666 535 908 577 bonitatem
938 534 1180 590 perspicere
1211 534 1465 576 videantur?

121 593 392 649 Quamquam
425 594 706 636 confirmatur
737 608 859 636 amor
889 596 933 636 et
966 593 1172 636 beneficio
1211 595 1386 648 accepto
1425 596 1468 635 et

122 653 264 695 studio
285 655 509 708 perspecto
530 655 574 695 et
593 653 898 696 consuetudine
921 653 1134 704 adiuncta,
1159 652 1314 707 quibus
1339 652 1466 694 rebus

71 726 102 750 ιο
122 712 176 754 ad
212 712 337 754 illum
374 712 562 767 primum
600 714 766 754 motum
804 712 936 753 animi
973 714 1017 753 et
1057 711 1217 753 amoris
1261 711 1468 753 adhibitis

123 771 392 814 admirabilis
432 771 642 826 quaedam
680 771 917 813 exardescit
956 770 1274 813 benivolentiae
1305 770 1469 826 magni-

123 830 240 872 tudo.
303 829 440 878 Quam
473 830 510 871 si
543 830 615 884 qui
646 832 804 885 putant
841 830 895 871 ab
926 829 1212 872 inbecillitate
1242 829 1468 884 proficisci,

122 892 172 931 ut
203 889 278 942 sit,
309 903 387 944 per
418 903 546 943 quem
578 889 857 943 adsequatur,
889 888 1002 942 quod
1034 888 1213 942 quisque
1245 887 1470 941 desideret,

122 948 331 989 humilem
370 961 471 989 sane
509 948 757 1002 relinquunt
799 950 842 989 et
885 947 1059 989 minime
1104 961 1378 1002 generosum,
1420 950 1470 989 ut

72 1019 103 1045 15
122 1007 186 1049 ita
217 1006 367 1060 dicam,
400 1009 542 1048 ortum
575 1006 802 1057 amicitiae,
835 1020 962 1072 quam
995 1020 1045 1047 ex
1075 1005 1222 1060 inopia
1254 1008 1384 1060 atque
1409 1007 1469 1047 in-

123 1065 317 1132 digentia
346 1067 500 1106 natam
526 1065 691 1107 volunt.
742 1064 865 1114 Quod
896 1064 933 1106 si
963 1065 1026 1106 ita
1058 1067 1184 1118 esset,
1215 1067 1263 1106 ut
1290 1064 1469 1119 quisque

123 1124 348 1167 minimum
388 1138 481 1165 esse
518 1124 563 1165 in
601 1138 645 1165 se
685 1123 987 1177 arbitraretur,
1030 1123 1093 1165 ita
1137 1098 1191 1165 ad
1234 1124 1468 1165 amicitiam

123 1185 237 1226 esset
262 1183 532 1238 aptissimus3
565 1182 679 1237 quod
705 1184 833 1238 longe
861 1196 979 1224 secus
1008 1185 1084 1223 est.
1127 1180 1191 1224 Ut
1216 1182 1329 1224 enim
1356 1183 1468 1248 quis-

125 1257 205 1298 que
248 1242 331 1284 sibi
373 1242 608 1297 plurimum
653 1241 846 1295 confidit,
889 1245 932 1282 et
974 1244 1023 1282 ut
1067 1241 1247 1296 quisque
1284 1241 1469 1283 maxime

0 1307 3 1330 2
71 1314 105 1339 20
125 1301 284 1343 virtute
322 1304 366 1342 et
404 1301 617 1367 sapientia
655 1300 716 1342 sic
753 1300 944 1342 1111111111118
982 1303 1065 1354 est,
1105 1302 1154 1341 ut
1190 1300 1311 1342 nullo
1344 1304 1470 1356 egeat

14 1365 16 1374 ¹
126 1374 285 1415 suaque
318 1360 462 1401 omnia
499 1360 544 1401 in
581 1374 626 1401 se
663 1359 757 1414 ipso
797 1359 941 1414 posita
979 1334 1155 1414 iudicet,
1192 1359 1256 1401 ita
1291 1359 1337 1401 in
1368 1360 1470 1401 ami-

125 1419 238 1462 citiis
283 1418 530 1474 expetendis
574 1418 846 1472 colendisque
890 1418 1074 1460 maxime
1112 1418 1298 1460 excellit.
1361 1417 1470 1467 Quid

125 1478 267 1521 enim?
329 1477 560 1519 Africanus
591 1477 789 1534 indigens
821 1477 934 1519 mei‘?
989 1477 1166 1519 Minime
1198 1477 1388 1520 hercule!
1422 1493 1469 1520 ac

124 1552 178 1580 ne
216 1551 296 1593 ego
335 1537 507 1591 quidem
542 1536 679 1603 illius3
723 1536 796 1578 sed
840 1550 920 1592 ego
962 1536 1247 1578 admiratione
1285 1537 1469 1592 quadam

73 1608 106 1635 25
124 1596 301 1640 virtutis
334 1595 437 1650 eius,
467 1595 542 1637 ille
573 1595 764 1637 vicissim
790 1595 989 1650 opinione
1013 1595 1201 1637 fortasse
1226 1610 1315 1638 non
1338 1596 1470 1650 nulla,

126 1669 256 1711 quam
281 1654 331 1696 de
357 1655 463 1696 meis
489 1655 682 1696 moribus
706 1654 909 1709 habebat,
934 1669 1002 1696 me
1025 1654 1192 1708 dilexit3
1218 1654 1337 1696 auxit
1356 1655 1470 1697 beni—

125 1714 362 1757 volentiam
393 1713 668 1756 consuetudo.
718 1712 801 1755 Sed
834 1728 1094 1768 quamquam
1125 1714 1338 1755 utilitates
1365 1714 1472 1756 mul-

126 1776 197 1816 tae
229 1776 272 1816 et
309 1786 492 1829 magnae
529 1775 782 1815 consecutae
814 1775 932 1826 sunt,
968 1787 1056 1814 non
1095 1775 1196 1814 sunt
1232 1775 1379 1815 tamen
1417 1773 1470 1815 ab

127 1847 274 1875 earum
305 1846 381 1888 spe
412 1845 565 1874 causae
597 1831 806 1888 diligendi
836 1831 1067 1887 profectae.
1116 1830 1179 1873 Ut
1210 1832 1323 1873 enim
1348 1832 1471 1874 bene-

75 1902 109 1928 30
128 1891 198 1934 fici
241 1890 528 1946 liberalesque
572 1905 741 1945 sumus,
788 1905 876 1933 non
924 1893 973 1932 ut
1017 1890 1239 1946 exigamus
1284 1891 1471 1947 gratiam

127 1949 281 2005 (neque
313 1950 427 1992 enim
457 1949 711 1992 beneficium
748 1949 1038 2000 faeneramm,
1076 1949 1150 1991 sed
1183 1952 1341 1992 natura
1377 1965 1471 2006 pro-

126 2009 250 2064 pensi
281 2009 335 2051 ad
365 2009 675 2051 liberalitatem
707 2007 887 2064 sumus),
918 2009 979 2051 sic
1011 2008 1246 2051 amicitiam
1278 2024 1365 2051 non
1397 2025 1471 2064 spe

127 2067 334 2110 mercedis
367 2068 550 2123 adducti,
583 2067 658 2110 sed
689 2067 803 2123 quod
834 2068 974 2110 omnis
1001 2067 1090 2110 eius
1115 2067 1282 2110 fructus
1306 2068 1352 2109 in
1376 2068 1471 2124 ipso

128 2141 273 2169 amore
302 2127 433 2182 inest,
471 2126 752 2182 expetendam
790 2130 1004 2183 putamus.
1064 2126 1135 2168 Ab
1173 2127 1259 2181 his,
1297 2127 1371 2182 qui
1401 2142 1470 2182 pe-

76 2197 110 2223 85
128 2185 282 2228 cudum
313 2186 401 2228 ritu
432 2186 486 2228 ad
515 2187 787 2241 voluptatem
820 2186 964 2228 omnia
995 2185 1199 2240 referunt,
1230 2186 1359 2242 longe
1392 2186 1472 2228 dis-

130 2244 339 2300 sentiunt,
368 2259 446 2288 nec
476 2245 652 2300 mirum3
688 2246 798 2287 nihil
831 2245 944 2287 enim
976 2245 1131 2300 altum,
1166 2245 1277 2287 nihil
1309 2245 1472 2300 magni-

128 2303 256 2346 ficum
288 2318 338 2345 ac
368 2303 560 2346 divinum
592 2305 808 2360 suspicere
839 2307 1039 2360 possunt,
1076 2304 1150 2360 qui
1189 2319 1287 2346 suas
1325 2318 1472 2346 omnes

1491 336 1535 366 29

1495 1193 1538 1224 30

1498 1843 1539 1873 31

1499 2138 1543 2167 32
