1673 2505
354 72 704 107 EPISTULARUM.
731 71 771 107 Ε.
798 72 847 107 IX
872 72 1003 107 3—XI
1031 78 1061 109 6.
1291 75 1376 116 303

35 181 199 229 valebat,
231 183 364 221 tamen
389 179 688 232 adsequebatur,
719 180 827 233 quod
845 179 1053 233 probaret;
1085 180 1235 222 multae
1259 185 1377 223 erant

37 243 75 283 et
96 239 319 281 reconditae
344 238 509 288 litterae,
540 239 602 279 vis
623 251 706 279 non
738 241 845 288 erat;
877 239 934 280 ad
962 252 1051 280 eam
1081 239 1209 292 iyitur
1233 240 1377 280 adhor-

38 298 163 340 tabar.
207 296 264 337 In
289 297 497 338 excitando
521 300 656 337 autem
679 300 717 338 et
741 298 786 338 in
811 297 987 338 acuendo
1005 297 1237 350 plurimum
1261 299 1378 352 valet,

35 358 74 399 si
103 356 241 398 laudes
271 369 379 409 eum,
409 368 526 408 quem
555 355 763 396 cohortere.

2 429 19 454 5
124 414 163 455 3.
195 413 358 456 Nonius
380 427 424 467 p.
455 417 550 455 469.
575 417 629 455 10
661 413 795 456 Cicero
825 415 882 455 ad
912 412 1103 456 Calvum:
1134 413 1378 456 Praesentis:

36 473 201 516 animus
247 475 289 514 eh
334 474 518 528 augurat
563 472 745 526 quodam
790 472 932 526 modo,
979 486 1087 527 quae
1129 472 1277 514 futura
1320 473 1378 514 sit

37 531 240 574 suavitas.

271 674 336 712 XI.
381 674 453 711 AD
485 673 530 718 Q.
560 673 732 711 AXIUM
765 673 835 720 (V.
859 687 903 722 p.
936 676 1025 712 301.
1057 677 1141 722 21).

128 760 162 800 1.
194 758 276 800 Iul.
316 758 451 799 Victor
481 761 541 800 27
563 773 608 811 p.
639 761 736 800 448.
768 762 794 800 1
824 759 967 800 Halm.
1011 760 1068 801 In
1096 761 1380 811 familiaribus

1 830 18 856 o
37 818 181 861 litteris
207 818 343 870 primo
374 817 546 858 brevitas
576 817 845 867 observanda;
882 819 1070 871 ipsarum
1106 833 1258 872 quoque
1294 833 1379 861 sen-

36 877 258 919 tentiarum
288 889 338 917 ne
365 877 437 917 diu
462 877 784 931 circumferatur,
814 878 921 929 quod
945 876 1044 919 Cato
1069 879 1139 930 ait,
1171 877 1379 932 ‘ambitio’,

34 936 105 979 sed
121 937 182 977 ita
200 936 444 986 recidantur,
469 938 516 976 ut
538 948 762 988 numquam
787 935 895 977 verbi
919 936 1078 988 aliquid
1101 937 1228 978 deesse
1249 938 1380 979 videa-

36 998 115 1036 tur.
184 993 320 1037 Unum
359 992 444 1037 ‘te’
482 995 646 1048 scilicet,
683 995 790 1046 quod
824 995 1095 1048 intellegentia
1131 996 1379 1048 suppleatur,

36 1054 81 1095 in
112 1053 289 1106 epistolis
322 1053 530 1094 Tullianis
560 1053 616 1094 acl
638 1053 823 1093 Atticum
853 1056 890 1094 et
918 1054 1077 1095 Axium
1105 1054 1376 1107 frequentissi-

2 1123 19 1150 5
36 1126 151 1154 mum
182 1114 248 1153 est.

563 1166 627 1201 EX
651 1166 796 1202 LIBRO
823 1168 848 1202 I.

126 1235 165 1276 2.
197 1234 437 1276 Arusianus
467 1234 646 1275 Blessius
669 1247 713 1287 p.
745 1237 833 1275 212
863 1234 986 1276 Lind.
1030 1235 1136 1276 Adit
1164 1235 1220 1276 ad
1248 1235 1380 1277 illum.

38 1292 174 1337 Cicero
205 1294 262 1335 ad
290 1293 477 1334 Auxium
509 1293 573 1334 lib.
605 1292 654 1333 I:
687 1292 740 1334 ad
771 1292 826 1333 M.
857 1291 1062 1334 Bibulum
1096 1293 1303 1335 adierunt.

128 1353 166 1394 3.
190 1352 306 1394 Idem
323 1365 367 1404 p.
386 1354 471 1393 213
489 1352 648 1393 Adiuta
672 1351 744 1393 hoc
768 1352 870 1393 illos.
891 1351 1027 1394 Cicero
1052 1353 1108 1394 ad
1124 1353 1313 1394 Auxium
1331 1352 1379 1394 I:

0 1424 20 1449 ,ο
39 1411 76 1453 si
106 1414 155 1453 tu
186 1425 264 1452 nos
298 1410 461 1465 aliquid
493 1410 685 1452 adiutare
717 1413 853 1465 potes.

556 1513 620 1547 EX
645 1512 788 1548 LIBRO
814 1513 858 1548 II.

126 1582 165 1623 4.
192 1581 301 1623 Non.
324 1595 368 1634 p.
394 1582 488 1622 509.
513 1583 566 1622 19
591 1580 655 1622 M.
678 1580 839 1622 Tullius
865 1605 917 1610 —
945 1582 1002 1622 ad
1023 1581 1184 1622 Axium
1212 1581 1278 1623 lib.
1302 1581 1364 1622 II
1367 1596 1380 1622 .·

36 1640 205 1683 Invitus
243 1640 413 1680 litteras
450 1641 548 1680 tuas
590 1639 843 1693 scinderem3
886 1639 950 1680 ita
993 1643 1093 1681 sunt
1136 1639 1381 1681 humaniter

40 1699 237 1754 scriptae.

3 1763 20 1790 5
468 1754 533 1788 EX
557 1753 700 1789 LIBRO
727 1753 949 1788 INCERTO.

127 1822 166 1865 5.
203 1822 365 1865 Sueton.
402 1823 481 1864 div.
512 1821 596 1862 Iul.
628 1826 654 1863 9
691 1821 756 1862 De
792 1821 866 1861 hac
901 1820 1221 1875 (coniuratione)
1257 1822 1382 1875 siqni-

38 1882 161 1936 fieare
195 1882 352 1923 videtur
389 1884 427 1922 et
457 1879 594 1923 Cicero
629 1880 676 1920 in
711 1880 890 1932 quadam
927 1880 984 1920 ad
1012 1880 1173 1921 Axium
1209 1881 1383 1934 epistula

38 1941 214 1993 referens
244 1939 457 1982 Caesarem
490 1940 537 1980 in
572 1939 783 1980 consulatu
819 1938 1078 1990 confirmasse
1113 1952 1299 1993 reanum,
1337 1940 1384 1981 de

39 2013 115 2053 quo
146 2000 290 2041 aedilis
320 1999 529 2053 cogitarat.

129 2058 166 2100 6.
186 2057 336 2100 Seneca
360 2059 407 2100 de
429 2058 529 2099 brev.
553 2057 621 2097 vit.
642 2058 678 2097 5.
697 2059 727 2097 2
749 2055 881 2107 Quam
900 2055 1049 2108 flebiles
1066 2069 1174 2098 voces
1192 2057 1386 2110 exprimit

39 2116 216 2171 (Cicero)
245 2118 293 2158 in
328 2117 508 2170 quadam
545 2116 602 2157 ad
629 2115 788 2156 Axium
818 2115 992 2167 epistula
1021 2116 1108 2156 iam
1137 2115 1238 2157 victo
1262 2119 1385 2168 patre

39 2175 242 2230 Pompeio,
272 2175 404 2218 adhuc
427 2176 514 2229 filio
538 2175 585 2216 in
609 2174 823 2226 Hispania
852 2174 988 2225 fracta
1014 2187 1135 2215 arma
1165 2174 1383 2226 refovente:

41 2233 151 2283 Quid
182 2248 322 2290 agam,
353 2235 498 2289 inquit,
532 2233 613 2286 hic,
646 2232 828 2286 quaeris,
887 2232 1034 2274 Moror
1064 2232 1109 2274 in
1140 2232 1382 2275 Tusculano

37 2307 134 2336 „meo
168 2294 396 2335 semiliber.
