1663 2490
193 86 275 128 156
508 85 631 121 CATO
656 85 814 120 MAIOR
837 84 902 119 DE
929 84 1210 120 SENECTUTE

190 193 438 234 diuturnum
470 194 641 248 quidem
674 194 902 247 quicquam
937 192 1124 246 videtur,
1164 192 1210 232 in
1241 206 1324 246 quo
1358 194 1424 233 est
1456 191 1530 234 ali-

190 252 292 306 quid
318 254 566 293 extremum.
617 250 724 293 Cum
745 251 858 292 enim
878 250 921 291 id
941 250 1126 304 advenit,
1151 253 1244 291 tum
1269 250 1390 304 illud,
1417 250 1531 305 quod

188 311 430 365 praeteriit,
468 310 650 363 effluxit3
690 311 861 350 tantum
898 312 1107 363 remanet,
1145 309 1258 363 quod
1294 309 1455 350 virtute
1488 311 1532 350 et

189 371 302 411 recte
339 369 467 410 factis
506 370 758 410 consecutus
797 367 872 421 sis;
917 367 1048 409 horae
1086 367 1257 421 quidem
1295 367 1450 409 cedunt
1488 369 1532 409 et

190 428 278 469 dies
312 430 354 469 et
385 441 552 468 menses
585 429 628 467 et
660 426 778 480 anni,
815 440 891 467 nec
928 425 1210 480 praeteritum
1240 429 1410 480 tempus
1442 440 1531 467 um·
1568 437 1582 463 5

190 501 318 540 quam
344 485 586 539 revertitur,
611 499 700 538 nec,
734 484 835 538 quid
861 487 1075 538 sequatur,
1101 484 1200 526 sciri
1224 487 1386 539 potest3
1418 484 1532 539 quod

190 545 340 598 cuique
378 543 587 598 temporis
627 543 680 584 ad
716 543 944 584 vivendum
990 543 1132 597 datur,
1176 557 1225 584 eo
1270 543 1396 584 debet
1440 557 1532 584 esse

120 614 164 645 70
190 605 428 645 contentus.
501 601 651 656 Neque
696 601 809 642 enim
851 601 1070 655 histrioni,
1120 604 1168 643 ut
1210 602 1397 656 placeat,
1440 616 1532 656 per-

191 661 356 717 agenda
386 660 536 702 fabula
568 663 652 714 est,
689 660 834 714 modo,
874 660 919 700 in
957 674 1222 714 quocumque
1253 659 1384 701 fuerit
1422 663 1532 714 actu,

189 720 414 775 probetur,
450 734 587 773 neque
626 719 811 773 sapienti
847 733 981 772 usque
1020 718 1073 760 ad
1104 718 1332 759 ‘Plaudite'
1364 719 1532 760 venien-
1553 730 1585 755 1⁰

191 779 291 820 dum
329 780 406 819 est.
467 778 605 819 Breve
644 777 757 818 enim
794 779 963 831 tempus
1002 777 1157 818 aetatis
1203 777 1308 818 satis
1353 777 1533 832 longum

190 840 256 878 est
288 837 341 877 ad
366 837 474 878 bene
502 837 765 890 honesteque
791 835 1037 889 vivendum3
1070 836 1135 876 sin
1160 835 1419 890 processerit
1444 836 1533 877 lon-

190 897 300 951 gius,
329 909 416 936 non
447 895 588 950 magis
621 894 849 936 dolendum
881 896 958 948 est,
991 909 1119 948 quam
1146 894 1360 949 agricolae
1387 894 1534 935 dolent

189 954 426 1009 praeterita
462 954 584 995 verni
621 953 829 1007 temporis
868 953 1082 994 suavitate
1121 955 1331 994 aestatem
1368 955 1532 994 autum·
1662 990 1663 994 ,

188 1027 375 1067 numque
419 1012 598 1054 venisse.
659 1011 748 1053 Ver
785 1011 897 1053 enim
937 1014 1159 1065 tamquam
1197 1011 1532 1053 adulescentiam
1554 1022 1586 1048 15
1662 1007 1663 1010 ¹

191 1072 408 1127 significat
447 1071 718 1125 ostenditque
757 1070 921 1112 fructus
958 1070 1145 1124 futuros,
1185 1070 1351 1124 reliqua
1388 1074 1532 1112 autem

190 1134 387 1184 tempora
425 1129 687 1171 demetendis
724 1128 935 1170 fructibus
975 1131 1018 1170 et
1054 1129 1335 1184 percipiendis
1372 1143 1533 1171 accom-

121 1199 163 1230 ‘11
191 1189 366 1230 modata
398 1191 510 1230 sunt.
564 1187 746 1229 Fructus
779 1190 922 1229 autem
954 1187 1186 1229 senectutis
1219 1190 1295 1241 est,
1326 1190 1374 1229 ut
1406 1202 1533 1242 saepe

192 1248 290 1301 dixi,
318 1249 416 1288 ante
435 1249 661 1301 partorum
680 1246 891 1288 bonorum
912 1246 1119 1288 memoria
1138 1249 1181 1287 et
1200 1246 1334 1300 copia.
1378 1245 1533 1287 Omnia

191 1308 354 1359 autem,
393 1320 500 1359 quae
539 1304 770 1346 secundum
806 1308 1005 1346 naturam
1036 1305 1163 1358 fiunt,
1204 1307 1304 1345 sunt
1334 1304 1532 1346 habenda
1552 1317 1584 1342 20

190 1365 236 1406 in
271 1364 408 1405 bonis.
477 1363 587 1412 Quid
628 1366 695 1405 est
737 1366 881 1404 autem
923 1366 1014 1405 tam
1059 1363 1289 1405 secundum
1332 1365 1532 1405 naturam

192 1438 320 1477 quam
347 1422 519 1463 senibus
546 1421 708 1463 emori?
741 1422 854 1476 quod
878 1421 991 1463 idem
1017 1422 1230 1478 contingit
1256 1422 1532 1464 adulescenti-

190 1482 270 1523 bus
303 1481 558 1522 adversante
591 1482 635 1521 et
670 1483 938 1535 repugnante
975 1483 1141 1522 natura.
1202 1479 1354 1535 Itaque
1392 1480 1532 1522 adule-

191 1543 356 1582 scentes
388 1539 496 1580 mihi
527 1538 638 1580 mori
669 1539 729 1581 sic
760 1539 976 1593 videntur,
1016 1542 1065 1581 ut
1095 1554 1191 1581 cum
1223 1553 1358 1593 aquae
1390 1540 1532 1581 multi-

190 1599 336 1640 tudine
374 1598 573 1640 flammae
610 1597 674 1639 vis
712 1598 988 1653 opprimitur,
1029 1612 1149 1640 senes
1187 1600 1330 1640 autem
1370 1598 1447 1652 sic,
1484 1601 1533 1639 ut
1552 1608 1585 1634 25
1658 1634 1663 1655 ἦ

191 1673 287 1700 cum
326 1672 403 1698 sua
441 1659 596 1712 sponte
632 1656 755 1698 nulla
792 1656 986 1698 adhibita
1021 1657 1065 1698 vi
1101 1659 1380 1712 consumptus
1418 1657 1531 1712 ignis
1658 1652 1661 1657 ¹

192 1716 475 1771 extinguitur3
519 1717 562 1756 et
606 1715 729 1769 quasi
772 1730 901 1770 poma
944 1730 993 1757 ex
1038 1716 1282 1769 arboribus,
1326 1715 1456 1757 cruda
1496 1716 1532 1757 si

192 1777 305 1828 sunt,
335 1775 406 1817 vix
439 1774 693 1827 evelluntur,
725 1774 762 1814 si
793 1777 963 1815 matura
995 1777 1038 1816 et
1066 1777 1197 1829 cocta,
1230 1774 1440 1828 decidunt,
1471 1775 1532 1817 sic

191 1834 327 1875 vitam
372 1832 715 1874 adulescentibus
759 1832 824 1874 vis
869 1833 1025 1886 aufert,
1069 1833 1241 1874 senibus
1285 1833 1532 1887 maturitas;

193 1907 301 1946 quae
333 1891 503 1946 quidem
536 1891 642 1932 mihi
673 1893 765 1932 tam
796 1891 978 1933 iucunda
1009 1894 1092 1945 est,
1129 1894 1194 1945 ut,
1238 1906 1320 1946 quo
1353 1892 1530 1946 propius
1550 1903 1585 1929 3⁰
1659 1929 1661 1933 Α

192 1951 246 1992 ad
277 1953 461 1991 mortem
493 1949 708 2003 accedam,
750 1950 872 2004 quasi
908 1953 1069 1991 terram
1107 1950 1248 1991 videre
1280 1950 1425 1991 videar
1457 1951 1531 1992 ali·
1660 1949 1661 1952 ’

122 2054 132 2072 ί
193 2009 447 2063 quandoque
479 2008 524 2049 in
555 2010 729 2063 portum
762 2023 811 2049 ex
843 2009 975 2063 longa
1005 2009 1282 2064 navigatione
1314 2023 1406 2050 esse
1434 2024 1531 2051 ven·

122 2054 178 2136 ἐξ)
192 2070 325 2109 turus.
387 2066 627 2109 Senectutis
665 2069 809 2108 autem
846 2068 990 2108 nullus
1029 2070 1094 2109 est
1130 2070 1271 2109 certus
1310 2067 1530 2121 terminus,

191 2129 389 2180 recteque
414 2126 459 2166 in
485 2140 534 2167 ea
559 2126 739 2177 vivitur,
771 2125 911 2180 quoad
935 2140 1089 2167 munus
1121 2125 1253 2168 officii
1284 2127 1456 2180 exsequi
1488 2128 1531 2167 et

189 2185 302 2226 tueri
339 2185 477 2238 possit
509 2186 796 2239 [mortemque
833 2186 1141 2238 contemnere]3
1180 2199 1230 2226 ex
1263 2199 1346 2239 quo
1377 2185 1445 2239 fit,
1481 2187 1530 2226 ut
1550 2196 1581 2223 3⁵
1657 2220 1662 2243 s

191 2243 425 2285 animosior
448 2243 579 2284 etiam
605 2246 800 2285 senectus
827 2243 885 2285 sit
910 2258 1038 2297 quam
1064 2243 1353 2285 adulescentia
1379 2246 1422 2284 et
1446 2242 1530 2284 for-

189 2302 287 2344 tior.
336 2301 430 2344 Hoc
462 2301 571 2343 illud
602 2305 679 2357 est,
712 2302 824 2357 quod
849 2301 1079 2344 Pisistrato
1106 2304 1290 2356 tyranno
1323 2316 1349 2344 a
1374 2300 1530 2344 Solone
