1673 2505
362 105 547 143 FACETE
572 105 834 141 DICTORUM.
862 105 902 140 G.
930 105 953 140 b
980 110 1106 141 7—25.
1321 107 1406 150 345

64 216 282 268 videbatur,
315 213 498 256 Ciceroni
522 214 710 254 recitanti
735 214 816 254 ait:
849 212 962 254 ‘Non
985 214 1120 263 audio,
1149 227 1251 266 quae
1276 215 1405 256 dicis.⁹

63 275 144 316 Ille
167 273 391 327 respondit:
416 270 544 314 Certe
570 272 739 313 solebas
766 272 872 313 bene
896 271 1062 313 foratas
1081 271 1241 313 habere
1267 287 1403 314 aures.

63 333 156 375 Hoc
185 345 227 374 eo
258 332 420 384 dictum,
455 331 553 383 quia
586 330 774 372 Octavius
805 330 929 383 Libys
959 331 1157 372 oriundus
1187 331 1405 381 dicebatur,

63 391 207 445 quibus
236 403 322 432 mos
351 392 409 431 est
437 403 578 431 aurem
606 390 756 440 forare.
791 413 840 418 ——
875 388 1083 430 Plutarch.
1117 387 1196 432 Cic.
1227 392 1297 432 26.

0 455 1 458 ’
28 461 46 488 5
155 448 220 503 15,
249 448 313 490 16.
341 448 520 490 Macrob.
546 446 632 489 Sat.
657 447 717 488 II
735 452 773 490 3.
797 451 851 489 16
877 448 1023 499 Cicero,
1048 461 1139 489 cum
1163 447 1261 490 Piso
1283 463 1407 502 qener-

62 509 148 550 eius
176 507 342 549 mollius
372 507 581 556 incederet,
611 507 704 559 filia
733 510 867 548 autem
898 507 1145 561 concitatius,
1179 508 1241 548 ait
1269 508 1405 560 filiae:

63 566 251 608 Ambula
280 567 503 620 tamquam
538 564 604 606 vir
636 598 809 607 .....
840 565 900 606 Et
934 579 1024 606 curn
1054 565 1116 607 M.
1149 565 1329 618 Lepidus
1360 567 1406 607 in

61 628 205 667 senatu
243 625 411 666 dixisset
442 623 629 677 patribus
672 624 907 676 conscriptis
945 657 952 665 .
985 657 993 665 .
1027 657 1034 665 .
1066 657 1076 666 .
1117 624 1281 666 Tullius
1323 626 1407 666 ait:

62 683 157 739 Ego
188 697 275 725 non
306 682 418 724 tanti
448 682 646 724 fecissem
679 678 995 736 ὁμοιόπτωτον.

13 755 45 781 ιο
156 743 221 783 17.
249 742 419 794 Quintil.
447 741 514 783 VI
532 745 570 783 3.
595 743 647 783 51
672 741 862 782 Pervenit
884 755 948 783 res
971 755 1095 794 usque
1123 743 1179 784 ad
1207 743 1408 796 aeniyma,

64 801 183 854 quale
218 805 275 842 est
311 799 516 843 Ciceronis
551 801 596 841 in
633 800 902 849 Plaetorium,
941 801 1089 842 Fontei
1124 805 1406 852 accusatorem,

62 861 177 902 cuius
196 863 367 901 matrem
387 860 502 912 dixit,
524 860 622 900 durn
640 860 813 909 vixisset,
840 860 992 909 ludum,
1010 863 1228 912 postquam
1246 864 1408 903 mortua

63 922 172 969 esset,
204 920 421 972 mayistros
450 918 647 960 habuisse.
704 918 958 960 Dicebantur
987 923 1133 969 autem,
1165 920 1263 960 dum
1293 920 1407 970 vioev‘t,

63 977 239 1030 infames
268 978 446 1029 feminae
476 978 683 1019 convenire
714 978 770 1018 ad
799 990 887 1018 eam
923 978 1080 1028 solitae,
1110 981 1207 1030 post
1240 982 1408 1020 mortem

14 1047 46 1074 15
67 1036 172 1078 bona
203 1037 289 1078 eius
319 1036 519 1078 venibant.

157 1095 339 1137 18—21.
371 1095 553 1136 Macrob.
579 1094 666 1136 Sat.
692 1094 752 1135 Π
770 1098 808 1136 3.
838 1098 932 1148 7sq.
958 1094 1177 1147 Pompeius
1203 1094 1407 1138 Ciceronis

61 1155 306 1206 facetiarum
337 1154 541 1206 inpatiens
568 1154 662 1205 fuit.
724 1152 851 1195 Cuius
888 1154 984 1195 haec
1013 1154 1121 1194 dicta
1150 1154 1406 1205 ferebantur:

62 1212 158 1268 Ego
197 1226 317 1265 vero,
361 1226 487 1267 quem
523 1211 707 1268 fugiam,
750 1212 906 1266 habeo,
945 1226 1070 1267 quem
1110 1226 1282 1267 sequar,
1319 1227 1405 1255 non

63 1271 213 1314 habeo.
275 1270 372 1327 (19)
405 1270 487 1313 Sed
514 1275 551 1312 et
580 1285 670 1312 cum
701 1271 757 1312 ad
786 1270 1023 1324 Pompeium
1056 1272 1241 1322 venisset,
1278 1273 1407 1314 dicen-

28 1343 44 1367 0
64 1331 170 1372 tibus
211 1344 297 1372 sero
341 1344 432 1371 eum
474 1331 625 1371 venisse
666 1331 890 1382 respondit:
930 1329 1106 1371 Minime
1152 1344 1247 1372 sero
1291 1331 1407 1384 veni;

62 1404 164 1431 nam
194 1389 304 1430 nihil
335 1388 406 1431 hio
430 1391 631 1444 paratum
658 1389 790 1430 video.
834 1389 931 1437 (20)
956 1388 1115 1430 Deinde
1142 1390 1408 1443 interroyanti

63 1448 268 1501 Pompeio,
296 1448 367 1489 ubi
393 1462 514 1501 ρεπεν
545 1449 628 1489 eius
655 1447 871 1489 Dolabella
901 1451 1008 1499 esset,
1039 1449 1266 1501 respondit:
1298 1447 1407 1490 Cum

65 1521 211 1549 socero
238 1509 326 1548 tuo.
369 1505 462 1561 (21‘)
489 1506 548 1548 Et
575 1520 664 1548 cum
696 1508 882 1548 donasset
905 1506 1122 1559 Pompeius
1147 1507 1408 1561 transfuyani

64 1567 222 1608 civitate
258 1565 469 1607 Romana:
513 1564 547 1606 Ο
586 1565 802 1606 hominem
846 1565 1026 1607 bellum!
1070 1566 1223 1619 inquit,
1268 1564 1406 1608 Gallis

17 1636 44 1661 2⁵
64 1624 285 1667 civitatem
323 1624 541 1679 promittit
579 1624 780 1678 alienam,
823 1624 895 1679 qui
931 1624 1056 1666 nobis
1094 1627 1290 1666 nostram
1321 1640 1409 1667 non

63 1686 209 1739 potest
239 1683 427 1725 reddere.

154 1742 340 1784 22—25.
370 1742 552 1784 IlIacrob.
584 1741 670 1783 Sat.
702 1742 762 1783 II
786 1745 824 1784 3.
857 1745 882 1783 6
913 1741 1116 1784 Caninius
1145 1757 1299 1796 quoque
1328 1744 1405 1785 Re-

65 1802 186 1855 bilus,
223 1802 294 1854 qui
323 1815 404 1843 uno
435 1801 516 1853 die,
553 1804 600 1842 ut
627 1802 714 1842 iam
744 1800 909 1842 Servius
939 1802 1109 1855 rettulit,
1147 1802 1285 1844 consul
1313 1803 1408 1854 fuit,

64 1863 198 1903 rostra
229 1874 319 1901 cum
350 1861 606 1912 ascendisset,
638 1861 799 1913 pariter
828 1859 1018 1901 honorem
1048 1861 1146 1901 iniit
1175 1861 1408 1903 consulatus

21 1931 46 1957 ³0
65 1922 103 1961 et
131 1920 317 1968 eieravit,·
355 1920 462 1972 quod
491 1918 626 1961 Cicero
657 1919 769 1960 omni
796 1920 977 1972 yazccleiis
1007 1920 1210 1961 occasione
1239 1920 1406 1961 urba-ni-

66 1979 163 2020 tatis
187 1979 407 2031 increpuit:
434 1974 786 2031 Λογοθεώρητος
812 1980 878 2019 est
899 1976 1101 2019 Caninius
1123 1978 1286 2033 consul,
1312 1976 1407 2034 (23)

65 2040 102 2078 et
136 2038 297 2079 deinde:
340 2036 436 2079 Hoc
473 2039 724 2078 consecutus
763 2039 828 2078 esb
867 2036 1064 2091 Rebilus,
1103 2039 1151 2078 ul:
1189 2052 1408 2092 quaerere-

65 2098 148 2150 tur,
180 2095 333 2150 quibus
365 2096 612 2138 consulibus
645 2096 793 2137 consul
819 2095 960 2136 fuerit.
1008 2093 1103 2152 (24)
1125 2095 1270 2138 Dicere
1288 2111 1408 2150 prae-

66 2158 172 2197 terea
196 2169 279 2196 non
310 2156 481 2197 destitit:
508 2154 777 2210 Vigilantem
803 2154 1011 2196 habemus
1038 2155 1257 2197 consulem
1284 2155 1409 2198 Cani-

25 2225 45 2250 ·5
64 2213 196 2268 nium,
228 2213 301 2268 qui
326 2213 370 2255 in
397 2213 624 2256 consulatu
650 2228 726 2255 suo
754 2228 951 2255 somnum
975 2228 1063 2256 non
1087 2214 1205 2256 vidit.
1232 2239 1289 2244 —
1315 2213 1409 2270 (25)

65 2272 130 2314 Id.
170 2272 264 2315 VH
283 2276 321 2314 3.
346 2277 401 2314 10
429 2273 591 2314 Tullius
621 2273 667 2314 in
698 2273 909 2326 consulem,
941 2274 1012 2326 qui
1041 2287 1122 2315 uno
1156 2277 1316 2315 tantum
1347 2275 1410 2315 die

65 2332 320 2374 consulatum
338 2333 516 2385 pereyit:
549 2330 710 2386 Solent,
743 2332 886 2384 inquit,
919 2346 1012 2373 esse
1038 2331 1235 2373 flamines
1263 2332 1408 2385 diales,
