1673 2505
115 212 135 241 2

119 1551 138 1580 {0

145 1551 163 1580 N)

139 211 159 242 Ο

138 1015 160 1054 7

185 93 271 133 220
751 90 960 125 TIMAEUS

273 198 391 240 Haec
423 198 525 239 deus
556 197 611 250 is,
650 197 722 250 qui
763 198 873 248 erat,
912 195 962 236 de
1000 195 1231 249 aliquando
1261 196 1409 237 futuro
1447 196 1525 238 deo

187 257 382 313 cogitans
421 257 559 297 levem
596 255 721 296 illum
759 253 898 294 effecit
938 256 982 294 et
1026 254 1211 308 undique
1256 254 1525 308 aequabilem

187 318 231 357 et
262 331 287 356 a
323 315 462 356 medio
502 314 555 355 ad
594 327 809 354 summum
855 326 1003 366 parem
1041 314 1084 352 et
1121 312 1358 366 perfectum
1397 315 1525 366 atque

188 374 435 415 absolutum
456 387 505 413 ex
526 370 738 412 absolutis
759 372 888 424 atque
907 369 1121 424 perfectis.
1158 370 1362 412 Animum
1383 373 1526 411 autem

186 435 236 473 ut
272 432 317 472 in
359 446 409 472 eo
455 430 592 470 medio
637 428 895 481 conlocavit,
937 427 1001 469 ita
1037 442 1114 482 per
1150 430 1292 470 totum
1323 428 1526 481 tetendit3

188 490 337 531 deinde
368 504 463 530 eum
491 486 767 529 circumdedit
792 500 968 540 corpore
995 489 1038 527 et
1062 486 1238 528 vestivit
1265 487 1526 528 extrinsecus

188 549 390 601 caeloque
442 546 636 601 solivago
682 548 726 586 et
768 544 951 586 volubili
994 546 1038 586 et
1079 544 1124 585 in
1156 545 1303 586 orbem
1347 545 1526 586 incitato

188 606 418 660 conplexus
458 607 540 657 est,
585 603 699 658 quod
738 617 881 644 secum
917 603 1059 657 ipsum
1102 605 1279 657 propter
1322 604 1527 645 virtutem

186 665 313 706 facile
345 678 436 704 esse
474 665 622 717 posset
658 676 735 703 nec
776 661 1036 702 desideraret
1074 661 1260 702 alterum
1300 662 1406 703 satis
1444 662 1529 703 sibi

188 723 330 777 ipsum
361 724 512 763 notum
538 724 580 762 et
605 720 830 761 familiare.
874 718 943 761 Sic
966 719 1068 760 deus
1093 719 1168 760 ille
1194 722 1391 761 aeternus
1417 720 1529 762 hunc

187 780 375 835 perfecte
407 781 582 820 beatum
615 779 739 820 deum
772 778 1023 833 procreavit.
1079 776 1162 819 Sed
1194 778 1383 819 animum
1414 778 1530 820 haud

188 840 262 893 ita,
293 841 342 879 ut
374 839 500 880 modo
533 837 667 879 locuti
698 851 861 890 sumUS,
893 839 986 877 tum
1018 836 1215 890 denique,
1248 851 1343 878 cum
1375 851 1529 891 corpus

189 898 227 938 ei
260 897 481 951 effecisset,
512 896 749 949 inchoavit,
790 910 924 949 neque
963 895 1077 936 enim
1115 897 1228 936 esset
1258 897 1423 936 rectum
1455 895 1529 936 mi-

188 956 284 997 nori
315 969 466 1010 parere
498 955 722 1007 maiorem3
753 954 828 995 sed
858 968 935 995 nos
968 954 1106 994 multa
1136 953 1449 995 inconsiderate
1481 968 1528 994 ac

190 1018 350 1055 temere
382 1013 572 1055 dicimus.
628 1013 743 1054 Deus
776 1014 920 1053 autem
952 1014 995 1053 et
1026 1015 1126 1053 ortu
1156 1014 1199 1052 et
1229 1012 1390 1053 virtute
1423 1012 1528 1053 anti-

189 1073 384 1127 quiorem
423 1072 571 1127 genuit
610 1071 799 1112 animum
838 1084 1019 1124 eumque
1056 1073 1105 1110 ut
1142 1069 1361 1112 dominum
1401 1073 1528 1124 atque

188 1132 473 1185 imperantem
500 1130 744 1171 oboedienti
763 1128 969 1183 praefecit
990 1129 1170 1182 corpori,
1200 1128 1327 1182 idque
1354 1129 1528 1170 molitus

189 1189 269 1230 tali
301 1189 485 1243 quodam
513 1190 578 1229 est
604 1188 747 1229 modo:
779 1187 844 1228 Ex
870 1201 920 1228 ea
944 1186 1145 1240 materia,
1179 1201 1286 1241 quae
1311 1187 1530 1228 individua

190 1251 256 1289 est
287 1250 330 1288 et
362 1261 470 1301 quae
502 1260 670 1300 semper
701 1246 826 1286 unius
858 1245 974 1286 modi
1006 1245 1156 1298 suique
1189 1245 1360 1299 similis,
1399 1248 1442 1286 et
1479 1260 1530 1286 ex

190 1321 256 1359 ea,
288 1320 396 1359 quae
428 1305 472 1346 in
502 1304 754 1359 corporibus
787 1303 959 1345 dividua
991 1303 1202 1358 gignitur,
1233 1303 1411 1344 tertium
1442 1318 1529 1345 ma-

189 1364 322 1405 teriae
356 1378 490 1418 genus
523 1378 573 1404 ex
610 1363 775 1404 duobus
812 1362 859 1403 in
898 1362 1084 1402 medium
1128 1361 1372 1416 admiscuit,
1417 1362 1531 1416 quod

190 1424 303 1463 esset
335 1422 524 1463 eiusdem
561 1423 740 1462 naturae
779 1422 821 1461 et
860 1420 973 1474 quod
1004 1420 1200 1473 alterius,
1237 1420 1364 1474 idque
1400 1420 1530 1462 inter-

189 1481 289 1522 iecit
319 1481 432 1521 inter
463 1479 729 1520 individuum
761 1481 889 1532 atque
921 1478 982 1532 id,
1020 1479 1134 1532 quod
1166 1478 1383 1520 dividuum
1416 1482 1530 1520 esset

191 1539 237 1580 in
268 1553 456 1593 corpore.
493 1538 559 1579 Ea
591 1553 686 1579 cum
718 1537 804 1578 tria
829 1537 1095 1591 sumpsisset,
1120 1537 1165 1577 in
1189 1551 1319 1578 unam
1345 1537 1530 1591 speciem

189 1597 448 1652 temperavit
479 1599 763 1650 naturamque
793 1595 933 1649 illam,
967 1610 1095 1649 quam
1128 1595 1305 1637 alterius
1334 1595 1529 1649 diximus,

188 1656 232 1697 vi
263 1671 359 1697 cum
392 1655 539 1697 eadem
572 1654 791 1696 coniunxit
827 1654 1066 1709 fugientem
1099 1657 1141 1695 et
1174 1654 1262 1695 eius
1295 1654 1530 1709 copulatio-

188 1714 256 1755 nis
295 1714 496 1767 alienam,
541 1728 649 1768 quae
692 1713 951 1768 permiscens
989 1727 1085 1754 cum
1123 1713 1305 1754 materia
1346 1727 1441 1754 cum
1479 1727 1530 1754 ex

189 1773 329 1814 tribus
362 1772 572 1814 effecisset
603 1787 752 1824 unum,
790 1772 834 1812 id
864 1772 1006 1826 ipsum
1043 1771 1089 1812 in
1120 1785 1187 1824 ea,
1228 1786 1336 1825 quae
1379 1771 1530 1823 decuit,

190 1831 383 1872 membra
414 1831 601 1885 partitus
634 1832 710 1871 est.
771 1829 865 1871 Iam
896 1829 1034 1884 partis
1067 1829 1262 1884 singulas
1294 1844 1344 1870 ex
1382 1830 1530 1871 eodem

191 1892 233 1930 et
266 1904 315 1930 ex
348 1890 485 1930 altero
528 1891 571 1930 et
612 1903 662 1930 ex
699 1889 882 1930 materia
918 1888 1187 1942 temperavit.
1247 1887 1347 1929 Fuit
1385 1891 1528 1929 autem

190 1948 292 1989 talis
323 1948 401 1989 illa
432 1948 629 2002 partitio:
666 1962 796 1989 unam
827 1947 1038 2001 principio
1070 1949 1237 2000 partem
1267 1946 1455 1988 detraxit
1481 1961 1531 1988 ex

190 2009 302 2059 toto,
335 2006 564 2048 secundam
597 2008 741 2047 autem
772 2006 937 2060 primae
974 2005 1110 2059 partis
1150 2005 1343 2059 duplam,
1381 2004 1531 2046 deinde

191 2064 378 2118 tertiam,
400 2079 507 2119 quae
529 2067 642 2106 esset
663 2064 870 2106 secundae
892 2064 1185 2117 sesquialtera,
1202 2063 1366 2117 primae
1386 2063 1531 2118 tripla,

192 2123 341 2164 deinde
373 2125 591 2177 quartam,
624 2137 731 2177 quae
765 2122 972 2164 secundae
1005 2122 1136 2176 dupla
1167 2124 1301 2175 esset,
1337 2121 1531 2176 quintam

190 2181 298 2235 inde,
331 2196 438 2235 quae
464 2181 619 2222 tertiae
645 2181 790 2236 tripla,
815 2183 907 2222 tum
929 2183 1095 2222 sextam
1115 2180 1334 2234 octuplam
1355 2180 1530 2234 primae,

191 2242 410 2294 postremo
443 2240 689 2294 septimam,
729 2254 835 2293 quae
874 2242 1039 2294 septem
1071 2241 1113 2279 et
1144 2238 1303 2294 viginti
1333 2239 1531 2293 partibus

118 2310 164 2340 ‘23
192 2299 461 2340 antecederet
500 2299 676 2353 primae.
738 2297 901 2339 Deinde
935 2297 1125 2338 instituit
1158 2297 1288 2352 dupla
1320 2299 1361 2338 et
1399 2296 1531 2352 tripla

1549 732 1582 756 10

1551 1023 1584 1048 15

1549 1316 1585 1340 20

1550 1607 1583 1632 25

1550 1899 1584 1924 30

1551 2191 1584 2216 35

1664 2305 1668 2316 θ
