1663 2490
145 26 202 68 70
664 27 728 61 DE
755 26 952 61 OFFICIIS

143 137 267 176 tanta
298 134 363 176 vis
395 137 478 189 est,
508 137 557 176 ut
587 149 639 176 ne
664 134 729 175 illi
762 134 951 188 quidem,
983 134 1055 188 qui
1081 134 1290 176 maleficio
1323 137 1366 176 et
1391 149 1477 177 see-

143 194 232 235 lere
268 196 514 248 pascuntur,
557 193 725 248 possint
769 192 858 234 sine
902 193 992 240 ulla
1034 193 1248 247 particula
1284 193 1476 235 iustitiae

143 252 296 293 vivere.
356 251 470 293 Nam
497 252 569 306 qui
601 266 746 293 eorum
772 251 974 305 cuipiam,
1002 251 1075 305 qui
1105 266 1190 293 una
1221 252 1477 293 latrocinan-

144 313 227 364 tur,
257 310 426 352 furatur
458 310 620 364 aliquid
652 312 726 351 aut
758 309 902 364 eripit,
927 310 964 351 is
992 310 1074 351 sibi
1099 325 1153 351 ne
1178 310 1223 351 in
1248 311 1475 352 latrocinio

145 369 316 423 quidem
353 369 556 423 relinquit
593 370 752 421 locum,
790 368 865 409 ille
904 371 1066 422 autem,
1104 369 1176 422 qui
1215 369 1476 424 archipirata

146 428 312 482 dicitur,
337 428 421 469 nisi
447 427 731 481 aequabiliter
756 427 958 481 praedam
985 427 1223 482 dispertiat,
1251 430 1325 469 aut
1350 427 1477 468 inter-

144 486 312 528 ficiatur
350 502 375 527 a
418 486 544 527 sociis
588 488 662 527 aut
705 486 989 540 relinquatur3
1039 486 1141 540 quin
1184 486 1315 527 etiam
1359 486 1476 542 leges

144 546 362 587 latronum
401 559 492 586 esse
531 544 738 598 dicuntur,
776 544 930 598 quibus
961 547 1160 599 pareant,
1198 560 1303 599 quas
1337 545 1477 586 obser-

145 607 257 645 vent.
300 603 451 657 Itaque
484 605 659 658 propter
685 603 951 657 aequabilem
983 603 1166 657 praedae
1197 604 1477 658 partitionem

144 665 187 704 et
217 661 418 703 Bardulis
449 661 623 716 Illyrius
655 662 780 713 latro,
813 662 862 702 de
895 676 977 716 quo
1011 664 1076 702 est
1108 662 1220 716 apud
1240 661 1477 717 Theopom-

143 736 264 776 pum,
296 735 475 776 magnas
508 735 609 775 opes
634 720 787 761 habuit
819 723 861 761 et
886 720 1023 761 multo
1050 720 1233 761 maiores
1252 719 1476 762 Viriathus

143 780 394 833 Lusitanus,
425 779 491 820 cui
524 779 693 833 quidem
726 779 856 820 etiam
889 779 1099 820 exereitus
1131 779 1269 821 nostri
1294 780 1478 834 impera-

144 841 344 892 toresque
382 840 617 892 eesserunt3
656 853 781 892 quem
819 836 863 880 O.
895 837 1086 891 Laelius,
1123 838 1160 879 is
1193 839 1266 892 qui
1298 836 1476 893 Sapiens

144 900 393 952 usurpatur,
419 899 592 951 praetor
616 896 748 952 fregit
781 899 823 937 et
848 896 1100 938 comminuit
1124 896 1477 951 ferocitatemque

145 956 234 998 eius
271 956 334 997 ita
370 956 591 1010 repressit,
628 958 676 996 ut
712 955 837 996 facile
875 955 1036 996 bellum
1067 955 1244 1010 reliquis
1275 956 1476 997 traderet.

145 1014 253 1057 Cum
283 1015 418 1070 igitur
449 1017 573 1055 tanta
600 1015 666 1055 vis
697 1014 888 1055 iustitiae
922 1015 990 1068 sit,
1022 1016 1070 1055 ut
1101 1029 1150 1056 ea
1183 1015 1313 1056 etiam
1346 1015 1478 1056 latro-

143 1088 247 1115 num
273 1088 375 1128 opes
399 1073 542 1114 firmet
568 1076 695 1127 atque
722 1076 896 1127 augeat,
917 1076 1122 1127 quantam
1143 1073 1231 1115 eius
1251 1074 1339 1114 vim
1365 1074 1478 1115 inter

79 1162 130 1202 12
145 1133 263 1188 leges
296 1135 338 1173 et
368 1132 525 1173 iudicia
557 1135 599 1172 et
624 1132 669 1172 in
700 1132 937 1173 constituta
962 1147 1008 1173 re
1033 1132 1206 1186 publica
1236 1132 1327 1173 fore
1354 1135 1478 1186 puta-

75 1215 116 1245 41
145 1191 268 1232 mus?
329 1190 437 1231 Mihi
476 1190 645 1244 quidem
682 1205 769 1231 non
807 1191 918 1245 apud
949 1190 1097 1232 Medos
1136 1192 1293 1244 solum,
1331 1194 1378 1231 ut
1417 1191 1478 1232 ait

143 1249 406 1303 Herodotus,
444 1249 517 1290 sed
549 1249 679 1290 etiam
717 1249 829 1304 apud
867 1250 1049 1291 maiores
1080 1252 1251 1291 nostros
1284 1250 1474 1291 iustitiae

142 1308 345 1349 fruendae
377 1322 506 1349 causa
536 1308 735 1349 videntur
766 1308 870 1348 olim
900 1309 1009 1349 bene
1040 1308 1197 1349 morati
1229 1323 1352 1363 reges
1379 1323 1476 1350 eon-

144 1366 297 1409 stituti.
346 1365 460 1407 Nam
480 1381 575 1408 cum
607 1369 872 1421 premeretur
903 1366 1027 1421 inops
1059 1367 1291 1408 multitudo
1325 1367 1378 1408 ab
1410 1367 1476 1421 iis,

144 1426 217 1480 qui
242 1426 424 1467 maiores
446 1440 547 1480 opes
573 1425 802 1479 habebant,
822 1425 874 1466 ad
893 1440 1025 1466 unum
1045 1426 1232 1480 aliquem
1258 1426 1477 1481 confugie-

142 1485 247 1526 bant
278 1485 438 1526 virtute
470 1487 782 1538 praestantem,
816 1484 887 1538 qui
920 1499 1015 1526 cum
1046 1485 1296 1539 prohiberet
1320 1485 1477 1526 iniuria

142 1543 376 1597 tenuioreS,
408 1543 622 1596 aequitate
654 1543 952 1584 constituenda
979 1557 1168 1584 summos
1195 1558 1290 1585 eum
1315 1543 1473 1585 infimis
1514 1555 1528 1578 Γ)

142 1602 236 1657 pari
259 1602 350 1643 iure
376 1602 601 1643 retinebat.
641 1601 887 1656 Eademque
913 1602 1307 1644 constituendarum
1332 1603 1475 1658 legum

76 1672 115 1702 42
141 1661 224 1702 fuit
255 1675 400 1714 causa,
439 1675 547 1714 quae
585 1675 746 1716 regum.
806 1660 879 1702 Ius
911 1661 1024 1702 enim
1054 1675 1222 1716 semper
1253 1663 1318 1702 est
1350 1676 1476 1715 quae-

144 1720 275 1761 situm
313 1719 555 1773 aequabile3
592 1734 727 1773 neque
766 1719 876 1760 enim
916 1719 1042 1761 aliter
1077 1722 1190 1761 esset
1220 1720 1298 1760 ius.
1358 1719 1408 1761 Id
1440 1720 1477 1760 si

144 1779 197 1820 ab
229 1793 313 1819 uno
351 1778 464 1819 iusto
503 1781 546 1819 et
582 1778 696 1819 bono
733 1778 826 1820 viro
858 1779 1240 1833 consequebantur,
1272 1781 1395 1820 erant
1426 1794 1475 1820 eo

143 1837 352 1890 contenti,
401 1852 497 1878 cum
539 1836 583 1878 id
619 1837 758 1878 minus
797 1837 1081 1892 contingeret,
1124 1837 1242 1893 leges
1280 1840 1380 1878 sunt
1417 1838 1477 1878 in-

142 1898 312 1947 ventae,
352 1910 459 1949 quae
497 1911 592 1937 cum
625 1895 822 1937 omnibus
856 1910 1023 1950 semper
1053 1911 1137 1937 una
1169 1898 1297 1950 atque
1330 1896 1475 1937 eadem

142 1969 245 1996 voce
277 1954 564 2008 loquerentur.
624 1953 743 2009 Ergo
780 1954 862 1996 hoc
894 1954 1063 2008 quidem
1094 1955 1367 2009 perspicuum
1399 1958 1476 2008 est,

143 2027 215 2054 eos
248 2013 301 2054 ad
331 2013 627 2067 imperandum
659 2013 791 2068 deligi
823 2013 992 2068 solitos,
1019 2028 1199 2067 quorum
1229 2013 1278 2054 de
1310 2013 1478 2054 iustitia

142 2085 302 2126 magna
333 2074 446 2112 esset
484 2072 627 2126 opinio
666 2071 965 2113 multitudinis.
1026 2072 1240 2113 Adiuncto
1273 2087 1392 2126 vero,
1429 2076 1478 2113 ut

140 2130 254 2171 idem
298 2130 428 2171 etiam
470 2130 700 2185 prudentes
744 2130 1024 2185 haberentur,
1067 2131 1176 2172 nihil
1215 2134 1325 2184 erat,
1364 2131 1476 2185 quod

142 2188 337 2230 homines
369 2188 422 2229 iis
455 2189 699 2230 auctoribus
732 2204 818 2230 non
848 2203 974 2244 posse
1000 2189 1201 2243 consequi
1228 2204 1272 2231 se
1299 2190 1478 2231 arbitra-

142 2250 302 2289 rentur.
364 2246 488 2288 Omni
521 2247 657 2302 igitur
687 2248 855 2289 ratione
881 2248 1058 2290 colenda
1089 2251 1132 2289 et
1163 2248 1386 2290 retinenda
1416 2249 1479 2290 iu-

1498 674 1531 699 10

1498 968 1530 993 15

1495 1261 1529 1286 20

1495 1849 1529 1874 30

1497 2142 1530 2167 35
