1673 2505
334 96 615 132 POEMATUM.
642 96 685 132 H.
712 96 763 131 lV
788 107 810 130 a
836 108 868 131 v.
899 100 1092 132 loe—202.
1301 96 1382 138 367

51 207 130 249 Ille
159 206 318 259 quidem
349 207 555 245 aeternum
587 205 723 257 lowyos
753 204 930 257 affatus
961 204 1005 244 in
1037 203 1146 244 orbes

51 265 220 319 Seynior
249 264 362 304 haud
390 264 519 304 currit
547 263 661 316 siquo
695 261 965 315 Cynosuridos
996 261 1133 315 Arcti,

50 322 291 376 Languidus
322 321 584 374 obscurusque
614 324 765 374 tamen,
796 334 864 363 ceu
893 321 1018 362 Lama
1047 320 1241 361 retundat

52 382 266 423 Flammae
302 381 445 430 aciem,
483 380 765 421 Andromedae
801 393 842 421 se
865 382 1032 432 propter
1062 379 1225 431 cinyzcla
1254 378 1386 429 volvit,

49 439 85 481 Ε
119 439 271 493 quibus
303 439 415 480 hunc
447 438 595 479 subter
627 438 767 492 possis
801 452 1055 493 cognoscere
1087 437 1255 478 fultum.
1317 447 1388 478 235v

51 497 162 540 Nam
193 497 301 539 caeli
331 497 514 538 mediam
546 499 714 552 partem
746 473 878 550 mit?
897 499 944 537 ut
975 497 1093 551 prius
1125 496 1226 537 illae

50 555 224 610 Chelae,
256 558 348 597 tum
380 558 545 621 pectus·
561 555 673 609 quod
706 530 892 597 cernitur
925 555 1106 597 Orionis.

106 614 164 656 Et
196 629 328 669 prope
361 613 595 680 conspicies
627 628 807 668 parvum
840 614 918 654 sub
951 616 1122 668 pectore
1154 613 1269 655 claro

12 673 346 718 5Andromedae
379 673 568 728 signum,
600 672 849 714 Deltoton
882 673 1019 713 dicere
1052 671 1171 713 Graii

51 731 171 780 Quod
203 731 336 786 soliti,
369 731 500 772 simili
532 731 632 786 quia
661 731 802 772 forma
833 731 981 772 littera
1012 732 1157 772 claret.
1319 741 1384 771 240

49 790 159 832 Huic
191 790 331 845 spatio
365 790 536 832 ductum
569 790 701 831 simili
732 790 845 831 latus
879 793 1020 831 exstat
1051 792 1297 844 utrumque3

49 849 109 890 At
139 864 226 890 non
257 849 386 890 tertia
417 863 517 904 pars
549 849 697 890 lateris
730 849 932 903 (namque
965 851 1030 890 est
1061 848 1201 890 minor
1231 848 1349 904 illis),

50 906 131 949 Sed
163 908 301 949 stellis
333 908 462 963 longe
494 908 635 949 densis
667 908 889 962 praeclara
920 908 1092 949 relucet.

9 972 36 1010 Ο
107 965 291 1008 Inferior
322 967 451 1022 paulo
484 969 549 1008 est
581 967 706 1008 Aries
739 969 782 1007 et
814 966 968 1007 flamen
1000 966 1054 1007 ad
1086 966 1236 1007 Austri

48 1025 317 1079 Inclinatior,
350 1028 478 1079 atque
510 1025 641 1066 etiam
672 1025 964 1066 vehementius
996 1025 1062 1065 illi
1318 1036 1389 1066 ‘245-

48 1083 241 1138 Pisces,
274 1099 454 1138 quorum
487 1085 597 1125 alter
627 1084 756 1138 paulo
789 1084 1032 1138 prolabitur
1064 1085 1163 1125 ante

48 1142 107 1183 Et
138 1142 276 1197 magis
309 1142 545 1184 horrisonis
578 1142 806 1196 Aquilonis
838 1143 1034 1197 tangitur
1067 1142 1158 1183 alis.

48 1203 191 1255 Atque
222 1201 374 1243 horum
408 1216 429 1242 e
462 1201 605 1242 caudis
625 1201 828 1256 'duplices
860 1201 978 1242 velut
1010 1215 1106 1242 aere
1138 1202 1312 1242 catenae

48 1259 334 1315 Discessuque
366 1260 437 1301 diu
469 1275 616 1301 versae
648 1275 724 1315 per
755 1260 919 1301 lumina
951 1262 1128 1314 serpunt

49 1319 191 1373 Atque
222 1334 307 1360 una
332 1319 504 1360 tandem
534 1319 577 1359 in
605 1319 733 1360 stella
759 1318 1041 1360 communiter
1066 1318 1256 1372 haerent,
1319 1329 1387 1360 250

49 1377 185 1426 Quem
216 1380 382 1419 veteres
415 1378 533 1419 soliti
565 1379 790 1419 caelestem
823 1378 959 1419 dicere
990 1376 1198 1418 Nodum.

47 1436 347 1478 Andromedae
378 1437 500 1478 laevo
533 1451 584 1478 ex
615 1451 780 1491 umero,
812 1437 849 1477 si
881 1450 1083 1490 quaesere
1114 1451 1285 1491 perges,

51 1495 308 1549 Adpositum
340 1496 501 1550 poteris
535 1510 688 1550 supera
720 1509 976 1551 cognoscere
1007 1494 1185 1536 Piscem.

106 1554 143 1595 E
175 1554 354 1609 pedibus
386 1556 535 1596 natum
568 1569 734 1596 summo
766 1553 868 1596 Iove
898 1553 1087 1595 Persea
1118 1554 1248 1607 vises,

49 1611 163 1661 Quos
194 1613 352 1654 umeris
385 1614 542 1654 retinet
573 1613 709 1655 defixo
742 1627 919 1667 corpore
950 1612 1149 1666 Perseus,
1318 1624 1385 1655 255

49 1669 182 1720 Quem
215 1686 382 1713 summa
414 1672 467 1713 ab
500 1672 674 1727 regione
701 1671 930 1726 Aquilonis
962 1671 1138 1712 flamina
1168 1672 1356 1727 pulsant.

48 1730 130 1771 Hic
162 1731 356 1772 dextram
389 1731 441 1772 ad
474 1731 593 1772 sedes
626 1731 811 1772 intendit
843 1730 1088 1785 Cassiepiae

52 1787 338 1844 Diversosque
368 1790 496 1844 pedes
530 1789 695 1831 vinctos
728 1789 939 1831 talaribus
973 1789 1085 1844 aptis

47 1847 374 1889 Pulverulentus
406 1849 469 1889 uti
502 1848 551 1889 de
582 1851 698 1890 terra
731 1849 901 1903 elapsus
934 1850 1109 1903 repente

48 1906 98 1947 In
129 1907 292 1948 caelum
324 1907 462 1949 victor
493 1921 650 1963 magno
683 1908 761 1949 sub
795 1906 979 1949 culmine
1010 1908 1168 1961 portat.
1318 1918 1389 1950 260

106 1967 166 2006 At
197 1967 374 2020 propter
406 1966 575 2007 laevum
607 1980 740 2021 genus
773 1966 889 2007 omni
921 1980 970 2007 ex
1002 1968 1124 2020 parte
1157 1965 1320 2007 locatas

47 2022 236 2066 Parvas
269 2023 538 2080 Vergilias
570 2025 688 2066 tenui
721 2040 816 2067 cum
849 2025 941 2066 luce
974 2024 1149 2066 videbis.

139 2139 182 2174 V.
210 2143 278 2175 246
293 2151 344 2184 sq.
378 2139 427 2176 N.
460 2141 509 2175 D.
541 2140 593 2174 II
613 2143 670 2176 43.
697 2144 762 2175 111
779 2152 832 2176 ex.
860 2161 902 2165 —
930 2144 996 2175 252
1033 2140 1145 2174 Phoc.
1181 2151 1241 2175 ars
1277 2141 1314 2175 T.
1356 2141 1388 2174 V

40 2198 79 2232 p.
106 2189 188 2221 436.
216 2191 236 2222 5
269 2187 365 2223 Keil.
398 2188 478 2222 licet
511 2188 717 2231 ‘quaesere’
746 2189 873 2222 lectum
902 2188 949 2222 sit
980 2188 1079 2232 apud
1108 2187 1324 2222 Sallustium
1355 2192 1388 2222 et

51 2233 216 2268 Tullium.
246 2255 289 2259 —
316 2238 384 2269 256
418 2234 490 2270 Cic.
523 2234 571 2269 N.
598 2235 646 2270 D.
672 2234 725 2268 II
744 2238 799 2269 44.
826 2238 910 2270 112.
939 2255 979 2259 —-
1008 2239 1074 2269 261
1091 2246 1144 2278 sq.
1179 2235 1250 2269 Cic.
1283 2235 1385 2276 ibid.5

49 2280 164 2316 Prisc.
198 2280 255 2315 VI
274 2284 306 2316 4.
333 2285 380 2316 19
405 2293 444 2326 p.
471 2285 555 2317 211.
582 2285 617 2325 3,
650 2281 790 2317 Probus
820 2282 862 2316 de
886 2282 950 2316 ult.
975 2283 1054 2326 syll.
1086 2281 1122 2316 T.
1149 2281 1215 2316 IV
1228 2293 1267 2326 p.
1294 2286 1384 2318 223.

46 2330 109 2362 31:
134 2327 212 2362 Hac
238 2330 391 2373 propter
415 2329 562 2363 laevum
588 2339 685 2374 genu
712 2327 829 2363 omnis
855 2329 961 2374 parte
986 2328 1141 2363 locatus.
