1663 2490
139 465 180 496 36

135 1169 178 1199 37

210 55 265 94 14
731 52 793 87 DE
820 51 1017 87 OFFICHS

208 160 432 202 sulendum
464 162 541 214 est,
571 162 664 201 tum
695 159 743 214 ii,
777 159 850 214 qui
883 158 1012 201 armis
1042 159 1198 214 positis
1229 159 1284 201 ad
1314 159 1545 215 imperato-

207 234 302 261 rum
321 219 448 260 fidem
469 218 730 274 confugient,
752 218 945 272 quamvis
962 233 1131 259 murum
1146 218 1255 260 aries
1275 219 1546 274 percusserit,

207 277 448 333 recipiendi.
492 277 543 318 In
564 292 646 332 quo
666 279 891 331 tantopere
913 277 1025 331 apud
1049 279 1223 318 nostros
1243 277 1410 319 iustitia
1429 278 1546 319 culta

208 340 285 390 est,
316 339 364 378 ut
394 336 437 390 ii,
470 336 541 388 qui
573 335 767 377 civitates
800 337 875 376 aut
904 335 1100 377 nationes
1133 335 1321 377 devictas
1353 335 1469 377 bello
1500 336 1547 377 in

207 396 334 436 fidem
358 395 630 449 recepissent,
657 408 803 435 earum
828 394 1000 448 patroni
1020 397 1163 436 essent
1182 408 1300 435 more
1320 394 1545 436 maiorum.
1581 405 1600 433 5

208 454 271 495 Ac
309 454 412 495 belli
458 453 627 507 quidem
672 452 865 506 aequitas
910 453 1179 494 sanctissime
1221 452 1360 494 fetiali
1396 453 1547 508 populi

207 512 392 554 Romani
429 512 519 553 iure
553 511 792 566 perscripta
823 513 900 552 est.
959 510 1025 553 Ex
1058 526 1141 566 quo
1172 511 1370 566 intellegi
1400 514 1546 566 potest

205 571 373 612 nullum
405 570 567 611 bellum
599 584 691 610 esse
723 569 895 623 iustum,
925 569 1010 611 nisi
1036 570 1148 624 quod
1177 573 1251 611 aut
1277 571 1404 612 rebus
1429 584 1546 625 repe—

206 629 300 670 titis
340 631 514 684 geratur
553 630 628 669 aut
665 628 962 669 denuntiatum
1007 631 1105 670 ante
1146 628 1203 670 sit
1241 631 1283 670 et
1325 628 1544 671 indictum.

208 688 418 742 [Popilius
445 687 680 741 imperator
704 687 880 728 tenebat
905 687 1182 741 provinciam,
1212 687 1257 728 in
1285 687 1403 729 cuius
1431 702 1544 729 exer·
1565 699 1599 724 10

207 747 294 788 citu
320 745 496 787 Catonis
522 745 636 786 filius
668 745 751 786 tiro
785 745 1015 786 militabat.
1065 744 1172 787 Cum
1205 748 1349 787 autem
1373 745 1544 801 Popilio

205 805 422 846 videretur
460 819 588 845 unam
628 803 843 845 dimittere
881 804 1113 860 legionem,
1156 803 1334 846 Catonis
1376 819 1544 858 quoque

205 864 360 917 filium,
394 863 465 917 qui
498 863 540 904 in
572 863 720 904 eadem
752 862 921 918 legione
953 862 1187 916 militabat,
1226 862 1400 905 dimisit.
1462 861 1544 904 Sed

206 937 302 964 cum
334 936 479 963 amore
505 921 724 977 pugnandi
749 921 793 962 in
819 921 1005 963 exercitu
1030 921 1318 975 remansisset,
1350 920 1458 963 Cato
1491 921 1545 963 ad

204 981 422 1036 Popilium
449 981 633 1035 scripsit,
664 983 724 1034 ut,
753 980 789 1021 si
816 995 912 1021 eum
937 980 1102 1034 patitur
1126 980 1172 1021 in
1197 980 1384 1022 exercitu
1410 995 1544 1022 rema·
1565 991 1597 1017 15
1632 1005 1634 1014 ‚

204 1054 321 1093 nere,
361 1039 543 1080 secundo
577 1054 672 1080 eum
706 1039 869 1094 obliget
900 1039 1081 1081 militiae
1120 1042 1406 1092 sacramento,
1445 1039 1545 1093 quia

204 1099 346 1154 priore
380 1098 537 1139 amisso
570 1098 660 1139 iure
686 1113 781 1139 cum
808 1098 1005 1139 hostibus
1031 1112 1223 1153 pugnare
1248 1112 1335 1139 non
1360 1100 1542 1152 poterat.

206 1157 324 1198 Adeo
359 1171 526 1198 summa
558 1159 650 1198 erat
682 1157 926 1198 observatio
964 1157 1009 1198 in
1046 1157 1160 1198 bello
1199 1157 1437 1209 movendo]
1487 1156 1542 1198 M.

205 1216 376 1270 quidem
414 1214 590 1257 Catonis
629 1216 741 1256 senis
784 1218 849 1256 est
887 1215 1073 1270 epistula
1110 1215 1163 1256 ad
1200 1215 1256 1257 M.
1299 1215 1454 1270 filium,
1499 1215 1544 1256 in

204 1290 288 1329 qua
314 1274 464 1316 scribit
491 1289 535 1315 se
562 1274 730 1315 audisse
757 1289 853 1315 eum
885 1274 1064 1315 missum
1089 1273 1252 1316 factum
1278 1288 1370 1315 esse
1397 1289 1421 1315 a
1447 1288 1541 1316 con·
1562 1286 1595 1311 20
1626 1295 1628 1320 2

205 1334 307 1387 sule,
327 1348 422 1375 cum
443 1334 487 1374 in
506 1333 755 1374 Macedonia
774 1333 888 1374 bello
903 1332 1073 1374 Persico
1095 1333 1218 1373 miles
1239 1335 1362 1374 esset.
1394 1332 1542 1374 Monet

202 1393 352 1447 igitur,
384 1395 432 1433 ut
464 1395 630 1445 caveat,
667 1406 719 1432 110
750 1392 963 1446 proelium
994 1391 1127 1444 ineat,
1168 1394 1300 1447 negat
1331 1391 1444 1433 enim
1474 1392 1542 1432 ius

137 1452 188 1493 12
203 1466 306 1505 esse,
339 1451 412 1505 qui
444 1450 567 1491 miles
592 1464 679 1492 non
705 1450 773 1504 sit,
805 1465 899 1492 cum
926 1450 1050 1491 hoste
1078 1464 1282 1516 pugnare.
1331 1450 1541 1516 Equidem

132 2107 173 2139 38

203 1485 334 1551 etiain
371 1509 480 1550 illud
518 1509 828 1574 animadverto,
873 1508 1003 1563 quod,
1048 1509 1121 1563 qui
1157 1509 1332 1564 proprio
1369 1509 1541 1551 nomine

201 1568 484 1634 perduellis
518 1570 642 1621 esset,
673 1568 709 1608 is
742 1567 908 1609 hostis
940 1570 1177 1634 vocaretur,
1212 1567 1389 1609 lenitate
1421 1568 1541 1609 verbi
1561 1577 1593 1603 25
1620 1583 1623 1632 J
1661 1585 1663 1608 1

202 1628 263 1669 rei
294 1627 521 1668 tristitiam
559 1626 816 1681 mitigatam.
878 1625 1030 1668 Hostis
1069 1627 1180 1667 enim
1213 1626 1325 1681 apud
1356 1626 1540 1668 maiores

201 1688 374 1728 nostros
394 1686 431 1727 is
453 1685 684 1739 dicebatur,
712 1700 837 1739 quem
863 1700 974 1727 nunc
998 1685 1326 1740 peregrinum
1350 1685 1540 1727 dicimus.

200 1744 398 1786 Indicant
441 1744 662 1786 duodecim
708 1745 900 1785 tabulae:
949 1755 1039 1786 AUT
1083 1754 1252 1786 STATUS
1295 1755 1402 1786 DIES
1448 1754 1540 1785 CUM

201 1814 366 1857 1108111,
397 1803 602 1857 itemque:
635 1814 872 1845 ADVERSUS
905 1814 1093 1844 HOSTEM
1124 1814 1344 1843 AETERNA
1369 1813 1540 1845 AUCTO-

201 1873 346 1904 RITAS.
414 1861 523 1910 Quid
568 1861 621 1903 ad
663 1861 773 1903 hanc
823 1861 1193 1902 mansuetudinem
1237 1861 1335 1902 addi
1383 1863 1539 1916 potest,
1559 1872 1594 1898 3⁰

202 1936 315 1974 eum,
347 1920 518 1975 quicum
549 1921 712 1962 bellum
745 1934 886 1976 geras,
922 1923 1011 1961 tam
1044 1920 1165 1961 molli
1195 1920 1367 1961 nomine
1400 1921 1539 1975 appel-

201 1980 319 2021 lare?
363 1979 632 2033 Quamquam
652 1980 695 2020 id
714 1993 870 2020 nomen
890 1978 1035 2020 durius
1060 1979 1198 2020 effecit
1222 1978 1309 2020 iam
1329 1981 1540 2033 vetustas3

202 2053 226 2079 a
256 2039 483 2094 peregrino
517 2038 629 2079 enim
661 2038 837 2079 recessit
869 2040 912 2079 et
942 2037 1115 2092 proprie
1146 2038 1190 2078 in
1222 2052 1284 2091 eo,
1316 2037 1389 2091 qui
1421 2053 1540 2079 arma

201 2100 351 2138 contra
380 2097 524 2150 ferret,
556 2097 774 2138 remansit.
837 2095 943 2138 Cum
976 2110 1076 2138 vero
1108 2097 1158 2137 de
1190 2096 1368 2151 imperio
1402 2096 1539 2138 decer-

200 2158 319 2197 tatur
356 2155 555 2209 belloque
595 2156 815 2210 quaeritur
852 2151 1011 2210 glo‘r'ia,
1048 2169 1198 2197 causas
1238 2155 1410 2197 omn'mo
1443 2156 1538 2196 sub-
1559 2170 1592 2198 35

199 2228 291 2256 esse
312 2217 458 2255 tamen
478 2217 649 2269 oportet
670 2214 851 2268 easdem,
877 2228 982 2268 quas
1009 2213 1095 2255 dixi
1121 2214 1251 2269 paulo
1278 2216 1377 2255 ante
1402 2214 1538 2255 iustas

198 2287 350 2315 causas
389 2287 481 2314 esse
520 2273 743 2315 bellorum.
806 2271 887 2314 Sed
926 2287 975 2314 ea
1012 2272 1147 2326 bella,
1185 2273 1338 2327 quibus
1370 2272 1540 2327 imperii
1608 2250 1609 2262 ¹
