1673 2505
474 58 753 94 PHILOSOPH.
780 58 816 92 F.
844 57 876 92 V
901 62 1050 93 42—59,
1351 58 1435 99 319

99 182 205 209 rum.
250 165 347 208 Una
378 167 512 222 igitur
544 180 732 207 essemus
764 166 881 207 beati
913 165 1157 221 cognitione
1183 168 1362 207 naturae
1395 169 1438 207 et

99 225 298 278 scientia,
343 239 426 278 qua
467 224 559 265 sola
598 225 728 266 etiam
767 224 942 266 deorum
980 226 1046 265 est
1083 224 1174 265 vita
1212 224 1436 266 laudanda.

98 283 163 326 Ex
195 298 278 337 quo
310 283 506 338 intellegi
532 285 677 337 potest
703 285 844 324 cetera
867 282 1137 324 necessitatis
1170 296 1273 336 esse,
1304 297 1435 324 unum

100 343 179 384 hoc
204 341 451 383 voluntatis.
494 342 565 382 Ita
589 342 658 383 ille
685 345 823 383 tantus
854 345 991 383 orator
1022 355 1113 383 cum
1135 341 1437 394 philosophiam

66 412 82 438 5
93 401 348 455 praedicaret
376 400 549 442 recolens
578 414 642 453 ea,
678 414 780 453 quae
809 414 837 441 a
862 400 1113 453 philosophis
1143 403 1362 453 acceperat,
1403 404 1439 441 ct

91 459 302 514 praeclare
326 472 374 501 ac
396 460 574 501 suaviter
598 460 816 512 explicans,
841 460 886 500 in
910 459 985 501 liae
1010 462 1168 500 tantum
1193 461 1289 512 vita,
1314 473 1438 512 qnam

97 519 276 560 videmus
305 519 514 560 aerumnis
550 521 587 559 et
621 518 822 559 erroribus
853 518 1039 572 plenam,
1077 531 1213 560 omnes
1248 521 1439 571 quattuor

97 577 343 619 necessarias
372 577 480 618 dixit
508 589 588 618 esse
618 577 795 618 virtutes.

187 635 253 677 51.
287 635 394 677 Non.
418 649 461 688 p.
487 637 584 677 254.
609 637 634 676 5
660 635 722 676 M.
751 634 912 677 Tullius
942 637 989 677 in
1014 635 1257 677 Hortensio:
1289 635 1439 677 deinde

50 705 81 731 ¹0
99 694 202 736 boni
240 708 380 735 mores
419 697 462 735 et
500 693 780 735 modestiores
816 696 858 735 et
891 694 943 735 ad
975 694 1180 749 capienda
1211 697 1438 749 praecepta

98 753 330 795 molliores.

188 812 254 853 52.
281 812 389 853 Non.
407 826 452 865 p.
477 813 573 853 235.
598 815 653 854 18
677 812 738 853 M.
768 812 929 854 Tullius
957 813 1001 853 in
1026 812 1269 854 Hortensio:
1302 813 1439 853 altera

99 873 164 912 est
194 885 311 912 nexa·
341 885 436 912 cuin
475 870 692 925 superiore
731 874 773 911 et
809 870 906 911 inde
945 873 1048 925 apta
1080 873 1208 924 atque
1240 871 1438 925 pendens¹

187 929 254 971 53.
286 929 395 971 Non.
424 944 462 982 p.
495 933 592 971 402.
623 932 675 971 15
700 930 763 971 M.
792 930 954 971 Tullius
984 930 1030 970 vin
1055 930 1300 971 Hortensio:
1333 930 1440 971 caeli

47 1003 79 1029 15
99 988 321 1044 signorum
359 988 657 1029 admirabilem
696 988 887 1029 ordinem
928 988 1305 1043 insatiabilemque
1349 989 1440 1044 pul-

99 1047 384 1089 chritudinem
416 1047 554 1101 magis
588 1049 765 1101 spectat.

187 1106 254 1147 54.
280 1107 498 1159 Auynstin.
531 1107 578 1146 (le
607 1106 712 1146 civit.
743 1106 807 1147 clei
830 1105 919 1146 III
937 1107 990 1146 15
1020 1106 1076 1146 In
1101 1106 1324 1147 Hortensio
1354 1107 1440 1147 slia-

100 1165 184 1218 loyo
215 1164 404 1218 (Cicero),
438 1178 529 1206 cuni
559 1165 607 1206 de
635 1165 733 1206 solis
763 1164 968 1206 canonicis
998 1165 1283 1215 defectionibus
1315 1165 1441 1217 loque-

97 1227 230 1265 retur:
267 1226 316 1264 ut
348 1223 534 1275 easdem,
571 1224 722 1277 inquit,
759 1223 958 1264 tenebras
991 1222 1166 1277 efficiat,
1206 1237 1310 1277 quas
1345 1223 1441 1265 effe-

41 1297 80 1325 20
98 1283 157 1324 cit
193 1283 239 1323 in
276 1282 454 1324 interitu
488 1281 679 1336 Romuli,
716 1281 747 1335 †
784 1282 856 1336 qui
894 1281 1195 1324 obscuratione
1235 1283 1338 1324 solis
1376 1286 1441 1323 est

96 1341 249 1383 factus.

187 1400 254 1442 55.
287 1401 394 1442 Non.
420 1414 462 1453 p.
487 1403 662 1442 32919
693 1400 754 1441 M.
789 1400 952 1441 Tullius
985 1401 1027 1441 in
1058 1400 1301 1442 Hortensio:
1333 1400 1441 1442 Tum

97 1459 417 1514 pseudomenon
461 1462 504 1500 et
551 1459 730 1501 soritam
775 1462 818 1499 et
865 1461 1005 1500 totam
1056 1459 1323 1501 dialecticam
1368 1463 1442 1501 aut

102 1518 248 1559 illudis
282 1521 356 1559 aut
386 1518 593 1572 increpas.

0 1602 2 1614 .
48 1591 81 1616 25
189 1577 256 1619 56.
288 1577 397 1618 Non.
422 1592 466 1630 p.
490 1580 586 1619 364.
611 1579 672 1619 22
701 1577 765 1618 M.
793 1577 955 1619 Tullius
986 1578 1031 1618 in
1061 1577 1305 1618 Hortensio:
1338 1576 1440 1625 Quis

99 1638 142 1677 te
175 1639 250 1677 aut
282 1639 347 1677 est
379 1638 453 1677 aut
488 1635 573 1676 fuit
609 1651 813 1690 umquam
850 1636 895 1676 in
932 1635 1172 1690 partiundis
1214 1636 1360 1690 rebus,
1398 1636 1440 1676 in

100 1695 367 1749 definiendis,
399 1695 443 1735 in
476 1695 737 1749 explicandis
770 1694 987 1749 pressior?

188 1754 255 1796 57.
287 1755 395 1796 Non.
419 1768 463 1808 p.
488 1757 586 1795 270.
611 1756 669 1795 26
699 1754 762 1795 M.
790 1754 952 1795 Tullius
985 1755 1027 1794 in
1052 1753 1295 1795 Hortensio:
1327 1753 1440 1794 Nam

101 1813 214 1868 quod
245 1813 424 1864 vereris,
455 1827 508 1853 ne
539 1827 626 1854 non
658 1812 884 1854 conveniat
913 1812 1076 1854 nostris
1109 1812 1324 1854 aetatibus
1357 1813 1441 1853 ista

50 1883 83 1910 30
102 1872 260 1925 oratio,
292 1887 399 1926 quae
433 1874 597 1926 spectet
630 1872 683 1912 ad
715 1871 987 1913 hortandum.

188 1931 255 1974 58.
288 1931 395 1972 Non.
421 1945 463 1984 p.
495 1934 592 1972 271.
622 1934 678 1972 30
708 1931 770 1972 M.
805 1931 966 1972 Tullius
997 1932 1042 1972 in
1072 1930 1313 1972 Hortensio:
1353 1930 1442 1971 Aut

99 1990 181 2031 tibi
199 1990 243 2031 id
262 1989 403 2044 ipsum
423 1989 753 2045 pervertendum
772 1989 867 2043 fuit,
888 1990 1000 2044 quod
1019 1992 1067 2030 tu
1080 2004 1134 2030 ne
1149 1989 1340 2045 attigisti
1354 1989 1442 2043 qui-

100 2049 207 2103 dem,
234 2051 308 2090 aut
335 2049 424 2090 eius
450 2051 595 2104 partes
624 2049 746 2103 quasi
771 2049 964 2090 membra
986 2048 1195 2103 quaedam
1218 2048 1441 2090 caedenda.

188 2108 255 2150 59.
288 2108 396 2149 Non.
420 2122 465 2161 p.
497 2112 589 2150 193.
614 2113 641 2150 9
671 2109 735 2150 M.
764 2108 926 2150 Tullius
956 2109 1002 2149 in
1027 2108 1269 2150 Hortensio:
1302 2106 1442 2156 Quid?

48 2176 81 2203 35
100 2169 158 2220 tu,
185 2167 373 2221 inquam,
399 2167 524 2221 soles,
550 2181 646 2208 cum
672 2167 885 2208 rationem
911 2181 936 2208 a
956 2167 1251 2222 dispensatore
1273 2166 1442 2221 accipis,

100 2226 136 2267 si
169 2241 269 2267 aera
301 2225 473 2282 singula
504 2226 718 2281 probasti,
758 2241 986 2280 summam,
1025 2241 1132 2280 quae
1165 2241 1215 2267 ex
1247 2226 1314 2267 his
1347 2240 1442 2267 con-

98 2284 211 2326 fecta
243 2285 318 2339 sit,
349 2299 435 2326 non
466 2285 684 2342 probare?
