1673 2505
270 127 358 167 416
829 126 1056 172 [SALUSTI]

272 238 378 275 stam
410 233 482 275 tibi
511 247 558 274 ac
589 234 669 274 tuis
699 234 962 286 compar-astu
1000 233 1179 274 videlicet
1212 237 1259 274 ut
1286 247 1360 275 nos
1389 247 1605 275 commone-

271 293 416 346 facias,
447 306 570 344 quam
595 305 782 332 conversa
812 305 876 332 res
900 292 964 345 sit,
994 305 1085 332 eum
1115 292 1160 332 in
1185 305 1232 332 ea
1254 293 1370 333 domo
1394 292 1605 344 habitares,

273 351 388 392 liomo
418 351 742 403 flagitiosissime,
773 363 874 402 quae
898 349 945 391 P.
966 348 1116 399 Crassi,
1147 351 1227 391 viri
1257 351 1484 404 clarissimi,
1513 352 1605 403 fuit

227 421 247 451 3
275 410 408 462 Atque
437 422 527 449 cum
557 408 652 449 llaec
682 409 742 448 ita
772 409 870 461 sint,
908 411 1041 449 tamen
1073 407 1207 449 Cicero
1244 422 1284 449 se
1316 410 1413 450 dicit
1442 411 1488 450 in
1518 423 1606 450 con-

274 469 365 509 cilio
396 468 559 508 deorum
589 467 883 507 immortalium
911 467 1046 519 fuisse,
1079 468 1170 507 inde
1194 468 1364 508 missum
1393 467 1486 508 huic
1515 468 1607 509 urbi
1643 479 1660 504 5

274 527 499 577 civibusque
523 526 721 566 custodem
746 525 891 577 absque
915 526 1121 578 carnificis
1144 526 1317 579 nomine,
1342 527 1411 578 qui
1435 527 1609 568 civitatis

274 585 570 625 incommodum
608 585 654 624 in
686 584 860 636 ylariani
897 597 1015 625 suam
1044 584 1174 636 ponit.
1239 583 1366 635 Quasi
1401 598 1489 625 vero
1526 598 1609 625 non

277 643 389 683 illius
420 643 712 683 coniurationis
735 655 858 683 causa
880 643 1006 693 fiuerit
1030 642 1261 683 consulatus
1285 646 1378 684 tuus
1403 646 1440 683 ct
1462 643 1608 684 idcirco

275 714 337 742 res
365 701 527 753 publiea
554 701 719 742 disiecta
744 714 785 741 co
812 704 992 753 tempore,
1023 701 1128 753 quod
1152 704 1186 741 te
1210 701 1407 742 custodem
1432 695 1608 742 habebat.

275 759 371 812 Sed,
408 763 454 800 ut
491 760 649 811 opinor.
689 759 764 800 illa
796 763 830 800 te
859 760 990 811 massis
1021 759 1231 808 extollunt,
1268 773 1369 811 quae
1398 763 1492 811 post
1520 773 1608 801 con·
1628 771 1662 796 ιο

273 818 453 859 sulatum
490 831 580 858 eum
620 818 807 859 Terentia
841 831 966 859 umore
1000 819 1048 858 de
1083 831 1126 858 re
1156 818 1320 870 publica
1362 819 1608 868 consuluisti,

274 890 365 918 cum
397 877 492 929 leyis
517 876 708 917 Plautiae
737 877 890 917 iudicia
920 877 1029 917 domi
1057 876 1278 930 faciebatis,
1309 891 1356 917 esc
1386 878 1608 918 coniuratis

274 936 378 976 alios
409 934 555 987 exilio,
592 935 699 976 alios
723 936 900 987 pecunia
930 935 1239 988 condemnabas,
1277 949 1365 976 cum
1401 935 1471 976 tibi
1501 936 1609 977 alius

277 994 565 1046 Tusculanum,
590 994 698 1035 alius
716 994 1009 1046 Pompeianam
1027 994 1168 1034 villam
1187 994 1481 1046 exaedificabat,
1500 994 1609 1035 alius

274 1053 437 1093 domum
467 1053 636 1101 emebat,·
668 1053 738 1104 qui
767 1066 856 1093 vero
887 1052 992 1093 nillil
1009 1056 1178 1105 poterat,
1210 1054 1246 1094 is
1270 1056 1357 1093 erat
1381 1053 1609 1094 calumniae
1628 1063 1659 1088 15

268 1112 500 1163 proximus,
538 1112 574 1151 is
604 1115 678 1152 aut
707 1112 868 1152 domum
900 1115 1013 1152 tuam
1045 1115 1317 1164 oppugnatum
1347 1114 1509 1152 venerat
1537 1114 1611 1152 aut

275 1171 449 1211 insidias
491 1171 650 1211 senatui
689 1171 853 1223 fecerat,
896 1171 1062 1222 denique
1097 1171 1143 1210 de
1179 1184 1221 1210 eo
1260 1170 1332 1210 tibi
1367 1173 1608 1222 compertum

228 1240 249 1268 4
274 1232 372 1270 erat.
424 1228 534 1280 Quae
557 1229 594 1270 si
626 1229 698 1269 tibi
725 1229 835 1280 falsa
866 1229 999 1278 obicio,
1030 1229 1147 1269 redde
1171 1229 1382 1281 rationem,
1411 1231 1609 1281 quantum

267 1288 514 1340 patrimonii
543 1288 754 1340 acceperis,
789 1288 888 1339 quid
918 1288 989 1328 tibi
1021 1288 1156 1328 litibus
1186 1288 1415 1337 accreverit,
1451 1301 1532 1339 qua
1562 1301 1610 1328 ex

268 1347 444 1398 pecunia
480 1347 642 1387 domum
666 1347 896 1398 paraveris,
937 1346 1212 1387 Tusculanum
1246 1349 1284 1386 et
1313 1345 1609 1398 Pompeianum
1628 1357 1656 1381 2(

275 1406 438 1457 infinito
469 1408 632 1457 sumptu
661 1405 957 1457 aedificaveris;
998 1408 1086 1454 aut,
1122 1405 1159 1445 si
1195 1405 1348 1454 retices,
1386 1405 1451 1445 cui
1479 1407 1612 1457 potest

276 1477 357 1505 esse
386 1463 564 1517 dubium,
595 1464 695 1516 quin
726 1464 972 1515 opulentiam
996 1464 1118 1504 istam
1142 1477 1189 1504 ex
1213 1464 1410 1516 sanquine
1434 1466 1472 1504 et
1493 1464 1608 1504 mise-

223 1523 249 1563 3
275 1523 352 1563 riis
382 1522 529 1563 civium
552 1522 797 1574 paraveris?
892 1522 1033 1575 *ei-um,
1068 1525 1115 1562 ut
1145 1523 1304 1574 opinor,
1337 1521 1453 1562 homo
1483 1535 1610 1563 novus

275 1581 462 1633 Arpinas
498 1594 546 1622 ex
576 1581 638 1622 M.
671 1580 810 1622 Crassi
843 1581 1010 1631 familia
1046 1580 1158 1621 illius
1193 1581 1381 1621 virtutem
1410 1581 1608 1633 imitatur,

275 1640 491 1681 contemnit
523 1640 769 1681 simultatem
797 1639 1007 1680 hominum
1043 1639 1257 1693 nobilium,
1293 1652 1378 1679 rem
1402 1639 1609 1691 publicam
1629 1641 1673 1675 2³²

276 1712 415 1740 caram
434 1698 558 1748 habet,
577 1712 701 1750 neque
715 1702 863 1739 terrore
881 1712 1004 1750 neque
1018 1699 1158 1750 yratia
1171 1697 1476 1749 commovetur†
1495 1698 1612 1739 aliud

229 1768 250 1799 5
276 1771 365 1799 vero
402 1758 585 1798 amicitia
624 1761 782 1798 tantum
818 1771 866 1798 ac
901 1758 1030 1798 virtus
1066 1760 1124 1798 est
1153 1757 1295 1798 animi.
1355 1756 1490 1798 Immo
1520 1770 1609 1798 vero

275 1816 391 1857 homo
424 1817 666 1866 levissimus,
696 1816 863 1868 suppleat
893 1816 1089 1869 inimicis,
1120 1816 1263 1856 amicis
1293 1816 1609 1868 contumeliosus,

275 1876 391 1916 modo
421 1875 580 1924 harum,
610 1876 726 1916 modo
750 1875 920 1915 illarum
942 1875 1140 1928 partium,
1171 1874 1278 1926 fidus
1301 1875 1465 1924 nemini,
1498 1874 1608 1915 levis-

275 1935 403 1976 simus
432 1937 608 1987 senator,
645 1934 947 1975 mercennarius
970 1936 1187 1986 patronus,
1221 1934 1335 1974 cuius
1364 1933 1482 1974 nulla
1504 1946 1610 1985 pars
1628 1942 1649 1968 3«
1662 1933 1673 1959 ³¹

276 1993 453 2045 corporis
484 2007 510 2033 a
542 1993 790 2045 turpitudine
819 1996 952 2046 vacat,
984 1993 1124 2044 linqua
1154 2005 1279 2041 vana,
1309 2005 1457 2033 manus
1486 2005 1607 2044 rapa-

275 2052 477 2105 cissimae,
503 2052 603 2103 yula
633 2052 843 2101 immensa,
870 2052 987 2103 pedes
1014 2051 1191 2104 fuyaces,
1221 2063 1324 2103 quae
1353 2049 1509 2091 honeste
1537 2064 1608 2091 no-

277 2111 432 2151 minari
461 2124 543 2151 non
566 2114 749 2163 possunt,
779 2110 1115 2151 inhonestissima.
1176 2110 1308 2161 Atque
1338 2110 1375 2150 is
1404 2122 1494 2150 cum
1524 2109 1609 2150 eius

277 2170 386 2210 modi
415 2169 486 2221 sit,
519 2173 651 2210 tamen
682 2169 804 2210 audet
832 2170 980 2210 dicere:

396 2227 430 2268 O
459 2228 713 2279 fortimatam
743 2231 886 2268 natam
916 2241 978 2268 me
1007 2227 1164 2268 consule
1194 2226 1393 2267 Romam!
1628 2234 1643 2260 3

279 2286 351 2327 ‘Te
374 2287 533 2327 consule
555 2286 839 2338 fortunatam',
870 2286 1034 2328 Cicero?
1073 2286 1207 2327 Immo
1231 2299 1322 2326 vero
1346 2285 1544 2337 infelicem
1575 2287 1612 2325 et

276 2346 479 2398 miseram,
504 2359 606 2398 quae
630 2346 949 2387 crudelissimam
967 2345 1300 2399 proscriptionem
1319 2357 1408 2385 eam
1421 2356 1611 2397 perpessa
