1663 2490
375 75 462 111 [ΑΒ.
491 76 552 111 111.
591 76 690 112 ΒΑΓ.
718 80 772 121 22,
801 82 855 112 23.
894 80 914 119 g
940 80 1078 112 86—92
1339 77 1420 118 119

81 185 189 227 mari
220 184 387 226 iactura
417 183 612 226 facienda
638 185 706 237 sit,
738 184 889 239 equine
914 185 1094 239 pretiosi
1120 185 1264 239 potius
1290 184 1421 226 iactu-

79 258 172 285 ram
208 242 341 284 faciat
379 257 434 284 an
472 243 629 284 servoli
666 243 777 284 vilis.
839 242 920 284 Hic
959 243 1043 284 alio
1082 257 1149 284 res
1180 243 1420 296 familiaris,

81 302 165 344 alio
199 301 316 343 ducit
349 301 607 343 humanitas.
659 300 719 342 ‘Si
752 302 946 343 tabulam
978 301 1029 342 de
1060 301 1288 357 naufragio
1316 302 1420 342 stul-

79 364 150 402 tus
176 360 417 415 arripuerit,
444 360 770 414 extorquebitne
797 375 891 401 eam
918 360 1100 415 sapienS,
1127 360 1163 401 si
1185 360 1420 415 potuerit?'

45 431 61 456 5
80 418 236 474 Negat,
269 419 369 473 quia
401 419 458 460 sit
488 419 703 460 iniurium.
767 418 923 468 ‘QuidP
962 419 1158 460 dominus
1190 419 1312 460 navis
1345 419 1421 460 eri-

78 477 222 533 pietne
254 477 422 518 suum?
487 477 695 530 ‘Minime,
735 492 821 519 non
853 478 950 532 plus
983 492 1111 532 quam
1142 478 1422 533 navigantem

78 537 122 577 in
149 536 238 577 alto
265 536 399 578 eicere
425 536 474 577 de
499 536 600 578 navi
626 537 742 590 velit,
775 537 875 590 quia
908 551 984 578 sua
1010 537 1077 578 sit.
1128 535 1276 585 Quoad
1310 537 1422 578 enim

78 597 331 650 perventum
363 597 429 637 est
462 609 523 648 eo,
556 610 639 649 quo
674 599 845 671 summa
877 596 998 636 navis
1031 598 1108 649 est,
1143 610 1228 637 non
1261 595 1423 636 domini

79 656 145 695 est
181 654 320 707 navis,
365 654 438 695 sed
474 652 786 709 navigantium.
872 653 1026 702 ‘Quid‘e
1072 655 1108 696 si
1144 669 1229 696 una
1272 654 1422 695 tabula

27 724 60 748 10
80 712 156 764 sit,
188 712 270 754 duo
303 713 524 768 naufragi,
563 714 684 766 eique
717 713 950 768 sapientes,
989 713 1126 754 sibine
1156 716 1328 766 uterque
1359 727 1420 754 ra-

78 771 182 826 piat,
215 786 269 812 an
299 772 410 813 alter
436 771 558 813 cedat
583 772 755 813 alteri‘?'
801 771 952 814 ‘Cedat
977 787 1090 826 vero,
1123 772 1195 813 sed
1222 772 1272 827 ei,
1304 772 1421 814 cuius

80 830 220 886 magis
251 830 423 871 intersit
454 830 523 872 vel
555 844 632 872 sua
663 831 730 871 vel
765 831 826 872 rei
863 831 1060 885 publicae
1093 845 1221 872 causa
1251 831 1422 872 vivere.'

81 887 224 941 Quid,
263 889 298 930 si
336 889 441 931 haec
478 889 601 943 paria
631 889 676 930 in
707 889 935 944 utroque?’
998 888 1194 931 ‘Nullum
1226 890 1308 931 erit
1339 904 1423 931 cer-

79 950 237 1001 tamen,
270 947 342 989 sed
370 948 492 1002 quasi
519 951 634 989 sorte
660 952 735 990 aut
761 948 956 990 micando
983 948 1121 990 victus
1149 948 1275 989 alteri
1305 948 1424 990 cedet

27 1018 58 1042 15
80 1006 218 1048 alter.’
281 1005 436 1054 ‘Quid‘2
476 1006 511 1047 si
549 1009 674 1061 pater
710 1007 812 1048 fana
849 1006 1026 1061 expilet,
1065 1007 1282 1049 cuniculos
1321 1012 1424 1061 agat

81 1065 134 1107 ad
154 1065 378 1119 aerarium,
404 1065 616 1107 indicetne
642 1065 685 1106 id
712 1065 1042 1121 magistratibus
1068 1065 1228 1107 filius?’
1273 1065 1424 1107 ‘Nefas

79 1123 122 1165 id
155 1123 326 1178 quidem
359 1126 436 1177 est,
469 1124 572 1178 quin
604 1124 735 1165 etiam
767 1124 967 1165 defendat
998 1127 1179 1179 patrem,
1212 1124 1248 1166 si
1274 1138 1425 1179 argua-

79 1183 177 1224 tur.>
241 1182 355 1225 ‘Non
391 1182 525 1238 igitur
562 1183 704 1237 patria
741 1185 936 1237 praestat
980 1183 1178 1225 omnibus
1223 1183 1424 1225 officiis?

80 1241 233 1283 ‘Immo
277 1256 396 1295 vero,
442 1241 515 1283 sed
558 1241 642 1296 ipsi
686 1242 852 1296 patriae
897 1242 1096 1284 conducit
1133 1243 1228 1297 pios
1266 1242 1424 1284 habere

25 1311 60 1336 20
78 1301 192 1342 cives
223 1301 268 1341 in
298 1299 526 1356 parentes.'
578 1299 733 1348 Quid?
766 1301 802 1342 si
833 1301 1103 1355 tyrannidem
1137 1315 1356 1356 occupare,
1389 1302 1422 1342 si

78 1359 265 1414 patriam
314 1359 495 1414 prodere
544 1360 770 1401 conabitur
818 1363 964 1414 pater,
1014 1360 1213 1401 silebitne
1262 1360 1421 1401 filius?

79 1417 232 1460 ‘Immo
265 1433 366 1459 vero
399 1418 645 1460 obsecrabit
675 1421 854 1473 patrem,
886 1433 939 1460 ne
970 1418 1015 1459 id
1045 1418 1188 1460 faciat.
1240 1417 1284 1460 Si
1315 1419 1424 1460 nihil

78 1476 291 1532 proficiet,
335 1477 571 1530 accusabit,
615 1477 852 1519 minabitur
890 1477 1038 1532 etiam,
1083 1478 1136 1519 ad
1174 1480 1424 1532 extremum,

79 1536 116 1577 si
147 1535 201 1577 ad
233 1536 465 1591 perniciem
495 1536 663 1591 patriae
694 1550 762 1578 res
789 1537 1015 1591 spectabit,
1045 1537 1213 1592 patriae
1240 1537 1424 1578 salutem

19 1605 60 1631 ¹25
80 1597 314 1649 anteponet
353 1595 483 1636 saluti
523 1594 689 1650 patris.'
757 1594 935 1643 Quaerit
978 1595 1126 1650 etiam,
1172 1596 1208 1637 si
1253 1596 1423 1651 sapiens

80 1653 345 1695 adulterinos
387 1668 588 1696 nummos
634 1655 845 1709 acceperit
889 1654 1122 1709 inprudens
1165 1669 1243 1710 pro
1287 1655 1425 1709 bonis,

80 1727 176 1754 cum
211 1708 504 1767 'id—rescieriff,
543 1713 818 1755 soluturusne
856 1713 914 1754 sit
951 1727 1041 1768 eos,
1080 1714 1117 1754 si
1154 1714 1222 1755 cui
1259 1712 1425 1766 debeat,

79 1785 157 1827 pro
189 1771 326 1813 bonis.
387 1771 604 1827 Diogenes
637 1772 710 1826 ait,
742 1772 974 1827 Antipater
1004 1776 1150 1828 negat,
1181 1772 1249 1814 cui
1279 1773 1423 1827 potius

80 1830 304 1872 assentior.
354 1829 437 1879 Qui
467 1831 811 1888 vinumffifugiens
843 1831 1002 1873 vendat
1034 1832 1183 1884 sciens,
1216 1831 1424 1873 debeatne

27 1889 228 1931 sodicere.
289 1889 389 1930 Non
425 1904 597 1931 necesse
634 1893 762 1945 putat
798 1890 1033 1945 Diogenes,
1071 1890 1305 1945 Antipater
1341 1890 1423 1931 viri

78 1948 181 1990 boni
225 1948 456 1989 existimat.
529 1948 648 1990 Haec
692 1952 792 1990 sunt
836 1949 959 2003 quasi
1009 1952 1288 1991 controversa
1330 1949 1425 1991 iura

79 2005 333 2049 Stoicorum.
401 2006 467 2048 ‘In
504 2008 717 2062 mancipio
762 2008 986 2050 vendundo
1032 2008 1262 2050 dicendane
1305 2008 1424 2061 vitia,

77 2080 165 2107 non
197 2080 257 2120 ea,
290 2081 398 2120 quae
429 2065 515 2108 nisi
542 2066 711 2120 dixeris,
738 2067 1020 2108 redhibeatur
1045 2067 1308 2122 mancipium
1332 2068 1424 2109 iure

79 2124 213 2178 civili,
245 2125 318 2166 sed
349 2125 472 2178 haec,
504 2126 751 2168 mendacem
784 2140 894 2179 esse,
933 2126 1185 2180 aleatorem,
1222 2126 1423 2179 furacem,

27 2193 60 2220 ³⁵
80 2183 339 2225 ebriosum‘?'
390 2184 532 2226 Alteri
563 2184 740 2226 dicenda
771 2185 981 2238 videntur,
1013 2185 1139 2227 alteri
1170 2199 1258 2227 non
1281 2185 1424 2227 viden-

78 2244 162 2284 tur.
230 2240 297 2284 ‘Si
340 2243 436 2297 quis
480 2258 632 2285 aurum
675 2244 861 2285 vendens
906 2244 1167 2286 orichalcum
1212 2258 1257 2286 se
1300 2246 1423 2299 putet

79 2300 278 2356 vendere,
316 2301 528 2344 indicetne
566 2303 604 2344 ei
641 2302 707 2344 vir
739 2303 876 2344 bonus
909 2318 1062 2345 aurum
1092 2303 1202 2344 illud
1234 2317 1327 2344 esse
1369 2317 1424 2345 an

1449 665 1494 696 ⁹0

1451 1607 1493 1638 91

1450 2253 1495 2286 92
