1673 2505
591 104 691 141 CAP.
720 109 822 140 7—9.
865 109 884 146 §s
912 109 1058 138 16—23.
1376 106 1459 147 431

131 214 310 257 scientia
341 213 549 255 scelerum
581 212 757 255 cruciati
788 211 894 253 mihi
925 211 1094 252 absenti
1126 214 1168 252 et
1200 211 1358 265 populo
1384 211 1465 252 Ro-

1491 281 1535 311 20

130 287 257 315 mano
297 272 460 313 dabunt
496 285 666 326 poenas.
728 270 841 319 Quas
881 270 934 311 ob
972 284 1039 311 res
1078 283 1158 324 ego
1195 269 1465 310 inimicorum

131 330 342 374 amentiae
369 330 674 396 cupiditatique
693 343 928 384 paucorum
950 328 1140 370 omnium
1160 327 1312 369 salutis
1338 342 1465 368 causa

131 390 347 443 decedam,
386 403 522 443 neque
553 388 598 429 in
629 403 725 430 eum
757 389 885 429 locum
915 401 1000 428 rem
1031 387 1233 428 deducam
1266 388 1340 427 aut
1371 400 1466 440 pro·

96 460 112 487 5
131 449 250 505 gredi
281 448 434 513 patiar,
465 450 514 489 ut
539 461 669 502 opera
694 461 789 488 mea
814 460 965 488 manus
989 446 1102 487 inter
1127 459 1203 487 vos
1230 445 1464 486 conseratis

130 507 363 562 caedesque
395 506 550 549 civium
580 506 694 547 inter
731 520 775 547 se
812 505 907 559 fiat,
945 505 1165 558 multoque
1199 503 1343 558 potius
1374 503 1465 557 ipse

130 566 273 622 patria
310 565 541 619 liberisque
579 564 684 606 meis
729 564 899 617 carebo,
944 578 1072 618 quam
1116 565 1292 617 propter
1334 576 1466 603 unum

130 639 198 666 me
228 638 305 666 vos
345 624 394 665 de
429 623 614 665 fortunis
647 623 801 664 vestris
840 623 985 677 ieique
1016 622 1212 677 publicae
1245 620 1466 662 dimicetis.

131 682 200 725 Sic
237 683 348 723 enim
387 682 440 723 ab
472 682 595 723 initio
629 681 693 723 fui
730 682 963 735 animatus,
1000 683 1048 722 ut
1079 695 1166 722 non
1197 680 1335 734 magis
1372 693 1468 720 mea

81 754 111 778 :0
130 755 260 784 causa
290 743 487 796 putarem
519 755 586 781 me
616 755 707 781 esse
732 743 882 781 natum
909 754 1038 794 quam
1063 739 1125 781 rei
1150 739 1347 794 publicae
1372 753 1467 793 pro-

131 802 333 842 creatum.
395 797 477 840 Sed
513 799 621 840 illud
659 814 813 865 queror
852 797 983 854 (quod
1021 813 1109 840 non
1138 798 1226 839 iam
1258 797 1311 839 ad
1342 797 1467 838 unius

130 858 379 914 perniciem,
414 858 488 899 sed
520 858 573 899 ad
603 858 899 899 univeisorum
935 858 1116 898 struitur
1147 855 1468 922 calamitatem),

131 917 350 971 conqueri,
382 917 691 970 commiserari,
722 916 870 969 dicere,
902 930 1151 971 expurgare,
1183 915 1469 970 suspicionem

132 977 367 1030 demovere,
399 976 560 1017 crimen
591 975 750 1017 diluere
774 990 862 1016 non
886 975 1024 1029 licere,
1056 989 1127 1016 ore
1154 988 1359 1029 oppresso
1385 979 1470 1015 'cer-

81 1047 111 1072 15
130 1035 245 1077 vices
283 1049 375 1076 esse
412 1035 695 1089 praebendas3
739 1049 845 1088 quae
888 1036 1034 1075 tamen
1077 1034 1221 1075 omnia
1255 1047 1344 1074 non
1378 1034 1469 1074 tam

132 1097 233 1136 sunt
264 1094 528 1143 calamitosa,
562 1093 674 1147 quod
704 1093 812 1134 mihi
836 1095 936 1134 sunt
962 1092 1192 1142 subeunda,
1224 1106 1353 1145 quam
1378 1106 1469 1146 per-

130 1153 310 1205 niciosa,
351 1152 464 1206 quod
500 1152 546 1192 in
582 1166 671 1193 rem
709 1167 748 1206 p.
787 1154 886 1192 sunt
922 1151 1177 1192 introducta.
1239 1149 1377 1198 Quam
1415 1150 1468 1192 ob

131 1225 221 1252 rem
265 1213 477 1252 statutum
527 1213 591 1251 est
639 1212 766 1264 atque
811 1210 1026 1251 decretum
1067 1209 1114 1250 in
1157 1209 1225 1250 his
1268 1208 1470 1263 tempori-

131 1270 211 1311 bus
244 1269 432 1311 civitatis
465 1269 609 1311 omnia
639 1268 817 1324 perpeti,
850 1283 958 1323 quae
986 1268 1103 1310 volet
1127 1267 1248 1309 furor
1272 1267 1470 1309 libidino-

80 1341 112 1365 20
133 1343 217 1370 sus.
264 1327 367 1369 Vim
391 1328 544 1369 volunt
575 1327 761 1381 adferre,
792 1330 964 1382 praesto
994 1341 1108 1381 sum3
1140 1326 1274 1368 eicere
1305 1327 1469 1379 volunt,

133 1402 254 1441 exeo3
296 1387 457 1428 indicta
494 1401 621 1428 causa
658 1386 810 1427 volunt
848 1386 982 1440 abire,
1025 1400 1199 1427 causam
1241 1400 1328 1427 non
1365 1385 1469 1427 dico.

133 1446 265 1487 Aliud
297 1446 517 1500 quippiam
554 1448 779 1498 conantur,
817 1448 966 1500 agant3
1006 1445 1115 1486 nihil
1154 1445 1323 1498 durum,
1360 1444 1469 1485 nihil

134 1505 331 1546 acerbum
365 1504 471 1545 mihi
496 1504 589 1559 erit,
621 1504 733 1558 quod
758 1518 848 1544 rem
879 1504 1097 1559 publicam
1122 1503 1354 1557 tutabitur3
1385 1518 1471 1545 non

133 1564 246 1605 enim
289 1563 428 1605 victus
471 1563 561 1604 illis
605 1563 728 1616 cedo,
779 1562 852 1604 sed
899 1563 1184 1604 incolumibus
1233 1561 1356 1604 vobis
1403 1577 1470 1603 me

80 1633 114 1659 25
134 1622 337 1664 condono.
398 1621 547 1676 Neque
579 1621 692 1663 enim
723 1636 839 1663 mors
877 1621 1119 1663 miseranda
1151 1623 1233 1676 est,
1271 1635 1378 1675 quae
1416 1621 1470 1662 ob
1498 1640 1505 1646 ·

132 1695 224 1723 rem
254 1681 472 1736 publicam
503 1681 682 1736 capitur,
712 1695 848 1735 neque
881 1680 1054 1721 exilium
1085 1682 1210 1735 turpe
1243 1682 1326 1733 est,
1358 1680 1471 1734 quod

132 1740 293 1782 virtute
336 1740 584 1794 suscipitur,
628 1755 724 1781 cum
767 1739 1021 1794 praesertim
1063 1753 1150 1781 non
1188 1739 1353 1781 nullam
1390 1739 1471 1780 hae

133 1813 296 1854 poenae
332 1798 524 1840 habeant
556 1798 602 1839 in
633 1813 677 1840 se
710 1798 1061 1840 consolationem.
1121 1797 1236 1839 Nam
1267 1798 1403 1839 vitam
1435 1798 1472 1839 si

135 1857 338 1912 eripiunt,
372 1872 458 1899 non
489 1857 678 1899 adiment
711 1857 895 1912 gloriam
926 1857 1236 1910 immortalem,
1275 1857 1311 1897 si
1343 1856 1470 1898 exilio

82 1928 115 1953 30
134 1916 399 1969 multabunt,
436 1931 607 1971 corpus,
644 1931 731 1958 non
763 1916 953 1958 animum
985 1931 1010 1958 a
1046 1930 1091 1957 re
1127 1915 1301 1970 publica
1337 1930 1472 1957 remo-

133 1975 305 2016 vebunt.
353 1974 478 2029 Nam,
502 1975 758 2030 ubicumque
785 1989 869 2027 cro,
894 1975 976 2016 hoc
1002 1975 1215 2030 cogitabo,
1241 1975 1346 2016 haec
1366 1989 1473 2015 sem-

133 2048 209 2088 per
239 2033 386 2075 futura
417 2049 528 2087 mea,
569 2048 719 2089 meque
757 2034 880 2075 vobis
919 2036 1131 2089 ereptum,
1166 2048 1254 2075 non
1292 2048 1317 2075 a
1347 2033 1471 2075 vobis

134 2092 404 2147 repudiatum
443 2093 709 2135 existimabo.
770 2092 885 2134 Illud
923 2093 976 2134 ab
1013 2092 1223 2134 universis
1262 2094 1362 2147 peto
1399 2107 1471 2147 po-

136 2151 345 2206 stuloque,
371 2152 419 2205 si,
446 2152 547 2193 dum
571 2152 617 2193 in
639 2152 813 2193 civitate
833 2166 1005 2193 manere
1024 2151 1191 2193 licitum
1212 2154 1288 2205 est,
1313 2151 1474 2192 nemini

81 2221 114 2247 35
134 2210 290 2251 iniuste
320 2211 557 2265 periculum
589 2211 741 2263 creavi,
771 2210 931 2252 nemini
961 2210 1179 2252 innocenti
1207 2210 1271 2251 fm·
1303 2210 1472 2252 calami-

133 2268 233 2323 tati,
283 2269 320 2311 si
369 2270 568 2312 omnibus
616 2269 774 2311 auxilio
817 2269 1093 2324 paesidioque
1136 2284 1228 2311 esse
1272 2268 1473 2310 consuevi

132 2327 425 2383 plurimosque
456 2329 500 2370 in
532 2329 613 2371 hac
644 2328 819 2371 civitate
846 2343 940 2370 sum
968 2329 1148 2384 tutatus,
1179 2328 1244 2370 uti
1269 2342 1343 2369 vos
1370 2327 1466 2368 libe-

1494 808 1535 838 21

1495 1150 1521 1191 9

1499 2103 1540 2133 23
