1673 2505
243 92 327 133 396
756 90 1055 125 FRAGMENTA

299 199 502 240 Partibus
534 198 722 239 intonuit
753 198 859 239 caeli
891 200 1014 252 pater
1045 198 1136 252 ipse
1170 197 1367 238 sinistris.

301 256 368 300 Sic
401 258 569 311 aquilae
601 257 763 298 clarum
794 256 981 297 firmavit
1011 256 1205 310 Iuppiter
1236 270 1371 298 omen.

330 317 367 358 3.
399 317 548 358 Isidor.
576 315 686 368 Oriq.
712 314 833 355 XIX
854 319 891 355 1.
918 318 975 356 20
997 329 1041 367 p.
1067 316 1149 356 583
1176 314 1264 356 Otto
1291 314 1432 356 ‘Paro’
1464 315 1577 356 navi·

239 375 353 428 qium
372 376 610 427 piratarum
634 374 729 414 usui
754 376 892 425 aptum
920 377 957 414 et
974 387 1022 414 ex
1041 374 1093 414 iis
1111 374 1172 414 ita
1190 377 1382 414 vocatum.
1419 373 1576 415 Cicero:

359 433 477 474 Tune
509 447 553 473 se
584 431 806 486 fluctigero
838 431 972 472 tradit
1003 431 1262 485 mandatque
1293 432 1456 486 paroni.
1616 442 1633 468 5

330 493 368 532 4.
403 490 481 533 Cic.
514 491 599 531 Att.
630 490 689 531 H
714 492 776 532 15.
807 493 835 531 3
865 491 954 543 qu
984 504 1074 531 vero

358 549 410 590 In
441 549 599 590 montis
632 548 795 603 patrios
828 551 871 589 eb
903 548 955 589 ad
986 549 1246 590 incunabula
1277 550 1426 590 nostra

358 607 554 663 Pergam.

1664 739 1673 764 Ι(

582 752 629 790 Χ.
672 751 742 788 DE
776 750 1092 789 CONSULATU
1125 749 1236 789 SUO.

243 841 274 864 a.
310 827 604 863 TESTIMONIA
629 827 691 862 ET
710 827 1010 862 FRAGMENTA
1031 826 1367 862 COMMENTARH
1389 827 1577 863 GRAECI.
1600 824 1632 850 ¹⁰

336 903 370 942 1.
404 901 483 943 Cic.
514 901 600 941 Att.
628 900 657 941 Ι
679 904 743 941 19.
775 904 827 941 10
859 900 1203 941 Commentarium
1239 901 1470 942 consulatus
1502 901 1580 942 mei

245 960 397 1002 Graece
422 960 682 1012 compositum
707 960 803 1000 misi
827 960 883 1000 acl
907 962 951 1009 te,
983 960 1028 999 in
1058 972 1134 1011 quo
1165 960 1203 1000 si
1232 960 1331 1010 quicl
1359 960 1446 1011 crit,
1476 960 1583 1012 quocl

244 1019 400 1062 homini
423 1019 559 1060 Attico
585 1018 722 1059 minus
748 1017 949 1059 Graecum
974 1018 1252 1070 eruditumque
1275 1018 1469 1067 videatur,
1499 1031 1580 1059 non

244 1080 388 1132 (licam,
419 1078 526 1131 quool
556 1077 637 1130 tibi,
667 1080 714 1118 ut
743 1077 903 1130 opinor,
935 1076 1161 1118 Panhormi
1191 1076 1388 1117 Lucullus
1419 1077 1465 1117 cle
1494 1077 1581 1118 suis

243 1137 425 1179 historiis
456 1137 632 1188 dixerat,
665 1149 722 1188 se,
758 1149 835 1188 quo
863 1135 1031 1187 facilius
1060 1135 1156 1176 illas
1179 1135 1372 1187 probaret
1400 1135 1580 1176 Romani
1601 1147 1634 1173 15

244 1196 422 1237 hominis
452 1209 543 1248 esse,
574 1195 720 1236 idcirco
749 1194 925 1235 barbara
955 1195 1151 1246 quaedam
1183 1197 1221 1234 et
1248 1194 1398 1235 soloeca
1429 1195 1579 1246 disper-

243 1256 362 1304 sisse;
400 1255 512 1307 apud
546 1267 607 1294 me
643 1254 680 1294 si
715 1254 815 1306 quid
848 1254 925 1294 erit
957 1254 1042 1294 eius
1077 1253 1187 1293 modi
1195 1285 1202 1302 ‚
1240 1266 1302 1293 me
1332 1253 1582 1305 imprudente

245 1315 322 1355 erit
351 1316 388 1354 et
418 1313 554 1354 invito.
597 1312 796 1353 Latinum
827 1313 864 1353 si
886 1312 1100 1364 perfecero,
1131 1312 1187 1352 acl
1211 1314 1245 1352 te
1269 1312 1440 1352 mittam.
1487 1311 1580 1352 Ter—

247 1374 348 1414 tium
372 1375 520 1425 poema
550 1374 781 1424 exspectato,
812 1385 860 1412 ne
890 1371 997 1423 quod
1021 1383 1147 1423 qenus
1179 1384 1205 1410 a
1236 1383 1297 1410 me
1327 1370 1414 1422 ipso
1447 1370 1582 1411 laudis

247 1445 357 1472 meae
380 1430 742 1484 praetermittatur.
1600 1442 1635 1467 20

333 1490 371 1530 2.
410 1489 489 1531 Cic.
526 1489 612 1530 Att.
649 1488 681 1529 I
711 1491 780 1530 20.
817 1491 842 1528 6
879 1487 944 1528 De
985 1488 1085 1528 meis
1126 1488 1286 1541 scriptis
1325 1489 1421 1528 misi
1457 1488 1513 1529 acl
1548 1490 1582 1528 te

248 1548 400 1590 Graece
416 1548 640 1601 perfectum
665 1547 917 1588 consulatum
941 1559 1095 1595 meum;
1127 1559 1216 1587 eum
1243 1546 1390 1587 librum
1414 1546 1463 1587 L.
1490 1545 1580 1588 Cos-

244 1609 351 1649 sinio
382 1607 484 1649 decli.
545 1605 651 1647 Puto
689 1609 724 1647 te
754 1606 920 1646 Latinis
950 1605 1049 1646 meis
1085 1605 1290 1658 delectari,
1325 1605 1418 1646 huic
1447 1608 1582 1646 autem

248 1666 401 1708 Graeco
433 1665 634 1707 Graecum
665 1665 851 1705 invidere.
911 1663 1004 1705 Alii
1033 1664 1071 1704 si
1094 1665 1348 1717 scripserint,
1379 1664 1582 1705 mittemus

245 1727 301 1767 ad
331 1729 375 1775 te,
406 1725 483 1778 secl,
515 1724 617 1765 milii
646 1724 768 1776 crede,
798 1723 922 1764 simul
947 1725 1065 1775 atque
1088 1722 1160 1763 hoc
1184 1726 1368 1764 nostrum
1394 1723 1581 1776 leqerunt,
1600 1734 1635 1760 25

245 1785 374 1826 neseio
404 1797 481 1836 quo
504 1786 625 1835 pacto
656 1783 930 1823 retardantur.

336 1843 373 1884 3.
401 1842 480 1884 Cic.
506 1842 593 1883 Att.
618 1842 675 1882 II
691 1845 727 1882 1.
747 1845 836 1893 Isq.
856 1841 954 1882 Kal.
980 1840 1120 1881 Iuniis
1145 1841 1256 1881 eunti
1280 1840 1382 1881 milei
1407 1840 1582 1881 Antium
1644 1854 1648 1891 ³,

246 1905 283 1943 et
308 1902 556 1955 qladiatores
580 1900 643 1942 M.
664 1900 819 1941 Metelli·
849 1900 989 1952 cupide
1018 1899 1260 1952 relinquenti
1289 1900 1396 1940 venit
1425 1899 1582 1940 obviam
1645 1895 1648 1919 ²

246 1964 339 2002 tuus
362 1973 487 2013 puer;
520 1961 557 2001 is
586 1959 689 2000 milii
720 1959 873 2000 litteras
903 1959 974 2000 abs
1004 1962 1040 1999 te
1064 1962 1102 1999 et
1130 1958 1461 1999 commentarium
1492 1971 1582 1999 con-

244 2019 403 2061 sulatus
439 2019 517 2059 mei
555 2018 706 2059 Graece
741 2018 936 2070 scriptum
971 2017 1166 2065 reddidi&
1210 2018 1255 2057 in
1297 2030 1373 2069 quo
1411 2017 1582 2057 laetatus
1602 2028 1643 2054 30-

245 2092 336 2119 sum
367 2092 429 2118 me
453 2078 663 2130 aliquanto
688 2080 781 2117 ante
804 2077 851 2118 cle
878 2077 1001 2117 isdem
1025 2076 1141 2117 rebus
1167 2075 1316 2116 Graece
1340 2076 1434 2116 item
1459 2076 1581 2128 scrip-

247 2140 332 2178 tum
359 2137 507 2178 librum
531 2137 580 2177 L.
607 2134 788 2178 Cossinio
813 2136 869 2177 acl
898 2139 933 2176 te
955 2135 1250 2188 perferundum
1279 2135 1452 2183 declisse;
1483 2147 1584 2175 nam

245 2196 282 2237 si
305 2209 372 2249 eqo
398 2199 513 2236 tuum
538 2198 631 2236 ante
657 2195 845 2247 lcqissem‚
868 2195 1055 2246 fhcratum
1080 2207 1142 2234 me
1165 2193 1236 2234 abs
1262 2196 1297 2234 te
1321 2206 1402 2235 esse
1425 2193 1582 2234 diceres.
1637 2218 1640 2221 ι

251 2278 300 2284 —
324 2278 378 2284 --
399 2254 521 2295 Meus
539 2257 673 2295 autem
694 2253 792 2294 liber
817 2256 943 2294 totum
961 2253 1135 2294 Isocrati
1159 2251 1446 2305 myrothecium
1466 2255 1584 2304 atque
1635 2266 1640 2275 ⁷

245 2314 377 2355 omnis
402 2314 487 2355 eius
511 2313 802 2365 discipulorum
827 2312 989 2353 arculas
1014 2325 1061 2353 ac
1090 2324 1173 2352 non
1203 2310 1309 2352 nihil
1339 2311 1461 2352 etiam
1486 2311 1584 2352 Ari·
1601 2317 1637 2347 35⁴
