1611 2495
93 71 155 106 XL
507 68 787 104 ADNOTATIO
816 67 874 103 CR
880 69 940 103 [TI
945 69 1015 104 CA.

93 176 234 211 Baiteri
253 175 422 221 proprios
437 174 576 220 (Phaen
601 179 668 210 519
687 176 755 218 his,
776 175 908 219 Progn.
931 187 962 209 V.
979 179 1045 210 333
1065 187 1139 210 non
1157 187 1223 221 pro
1243 188 1330 212 nam
1349 178 1433 222 etc.)

94 234 167 258 non
194 233 489 257 commemoravi.
1102 231 1107 234 ⁴

189 270 232 305 V.
247 275 291 305 39
300 281 341 313 sq
367 271 427 304 sed
440 270 505 304 illa
519 269 563 304 Se
574 270 695 312 fidunt
708 268 820 311 Grot.
833 270 893 304 sed
906 269 971 304 illa
993 268 1186 312 Conftdunt
1200 269 1270 314 01η,
1286 272 1435 306 libenter

96 318 182 353 Hae
205 318 266 361 fid.
293 316 423 360 Klotz,
449 327 558 361 usque
578 316 670 351 Bam.
699 336 742 340 —-
768 315 811 351 V.
836 320 879 350 63
895 327 935 359 sq
971 316 1074 360 Quod
1098 322 1206 361 eaput
1234 339 1276 342 —
1302 319 1428 353 subito-

95 376 161 411 que
179 364 340 400 recondit
359 365 414 408 (ut
433 362 505 397 Cic.
528 363 648 405 codd.)
670 383 713 387 —-
729 366 836 406 parte
850 383 892 388 —-
912 374 989 397 una
1001 362 1095 408 Hyg.
1111 363 1211 398 Po'e't.
1235 365 1321 398 astr.
1337 364 1386 398 IV
1402 370 1433 399 3.

96 433 140 438 —
168 412 211 446 V.
238 415 281 446 91
297 422 339 454 sq
375 411 469 445 tollit
492 421 528 444 se
547 414 653 454 parte
677 410 840 452 sinistra,
866 411 922 445 Ac
946 409 1048 444 Serta
1068 412 1254 456 attinyunt
1279 422 1436 456 summae

98 460 198 494 Min.
212 459 364 492 recentt.
382 457 464 492 edd.
484 478 521 481 —
538 456 580 491 V.
597 461 662 491 100
676 456 752 491 Sub
760 457 916 500 pedibus
921 457 1109 500 profertur
1124 458 1232 492 Prisc.
1251 478 1291 483 —
1308 458 1351 492 V.
1369 463 1434 493 110

96 506 147 540 In
165 516 336 551 ‘magnove
353 505 432 548 foro
452 505 561 538 lateve
575 508 651 547 pat⁴
669 504 760 547 plat.
782 513 872 538 rece.
896 502 977 537 edd.
999 524 1043 528 ——
1063 505 1106 538 V.
1125 509 1188 539 119
1209 505 1260 540 At
1279 516 1345 549 pro
1367 505 1436 540 Sed

96 563 189 588 rece.
218 552 300 587 edd.
322 572 364 577 —-
392 551 434 585 V.
460 555 525 584 120
554 551 724 585 Moribus
748 554 781 585 et
804 551 914 585 versis
938 561 1038 585 versa
1063 555 1114 586 est
1133 553 1239 596 prior
1262 554 1345 596 ipsa
1368 553 1434 587 vol.

97 611 191 635 reee.
213 599 294 633 edd.
312 619 352 624 —-
367 597 410 632 V.
428 601 493 631 124
516 598 706 642 Miyrarat
723 608 789 642 pro
808 599 958 632 venisset
976 608 1059 631 rece
1091 598 1173 635 edd,
1196 620 1237 624 —-
1259 599 1301 634 V.
1319 603 1385 634 158
1405 603 1437 634 et

97 648 241 691 spirant
259 645 405 690 flamine
430 645 533 688 lonqo
552 643 645 679 Bam
669 664 711 668 —
734 643 775 679 V.
799 648 864 679 165
889 643 963 679 Sub
989 645 1089 679 laeva
1113 646 1146 679 is
1171 645 1285 689 Grot„
1312 644 1370 680 Or.
1394 667 1435 671 —-

99 694 142 728 V.
166 697 231 728 179
247 704 298 736 sq.
320 692 401 726 Iam
426 691 542 725 Tauri
568 711 609 715 —
635 691 805 734 feruntur
824 690 930 734 Bait..
957 691 1026 726 Sed
1046 703 1111 737 pes
1129 693 1293 738 Auriyae
1316 694 1438 728 dexter

99 751 277 785 cornuque
301 739 487 773 sinistrum
519 738 634 772 Tauri
656 749 730 772 uno
754 739 837 784 iyne
861 739 1017 780 micant,
1037 739 1246 784 pariterque
1269 740 1438 783 feruntur

97 793 244 832 uterque
281 786 400 829 Grot„
437 785 493 819 Or.
536 805 577 809 —
616 784 659 820 V.
698 789 766 819 225
805 786 921 829 tetiyit
957 796 1022 829 pro
1060 787 1161 828 feriit
1197 787 1235 820 et
1265 788 1439 830 prosiluit

100 845 193 868 reee.
222 833 303 868 edd.
331 853 374 857 ——-
400 832 443 867 V.
472 836 538 866 246
565 833 721 876 paulum
739 833 969 876 praelabitur
994 837 1076 866 ante
1102 833 1138 866 et
1164 844 1197 867 v,
1225 837 1291 867 247
1324 834 1438 868 horri-

98 882 186 926 feris
211 880 317 915 codd.
343 878 389 913 N.
415 878 458 914 D.
486 879 593 913 1143.
617 883 693 921 111,
714 880 944 923 praelabitur
969 879 1081 913 etiam
1101 879 1201 915 Arat.
1229 880 1347 923 codd„
1374 880 1435 915 sed

100 941 132 963 V.
160 939 193 963 V.
222 932 300 970 370,
328 931 407 969 642,
435 930 512 961 706.
540 947 583 950 -
609 925 652 961 V.
682 930 749 960 263
775 926 879 961 Haeo
902 925 996 960 Bait.
1024 925 1184 969 invitus,
1216 928 1258 961 ut,
1280 926 1436 962 videtur.

100 997 144 1002 ——·
169 975 214 1009 V.
241 979 308 1008 310
333 977 463 1019 vayato
489 972 608 1016 codd„
640 972 753 1016 Grot„
787 973 843 1007 eui
874 972 966 1007 vitio
992 973 1263 1008 accommodati
1294 975 1380 1008 sunt
1407 986 1437 1007 v.

100 1027 167 1057 312
190 1033 255 1065 sq„
290 1031 382 1064 quos
411 1021 511 1054 reete
550 1031 607 1054 om
653 1020 725 1063 a11.‚
765 1019 875 1054 Orell.
911 1041 947 1044 -
984 1020 1026 1054 V.
1060 1025 1127 1055 318
1152 1022 1301 1065 plexum
1332 1021 1437 1055 codd.

99 1069 143 1104 N.
170 1068 214 1103 D.
241 1069 349 1102 1144.
373 1071 450 1109 113,
478 1066 542 1101 sed
568 1066 630 1100 AB
656 1077 833 1111 superser.
859 1068 892 1110 ἢ
919 1077 1140 1111 quamquam
1172 1067 1283 1101 etiam
1310 1079 1342 1102 V.
1371 1072 1438 1102 556

100 1115 206 1151 codd.
245 1115 385 1149 habent
421 1115 586 1158 infleoeus.
622 1135 662 1138 —
704 1114 744 1148 V.
779 1118 844 1148 373
884 1116 1011 1148 rostris
1047 1114 1181 1158 Hygin.
1214 1135 1259 1140 -—
1295 1114 1337 1149 V.
1372 1119 1439 1149 375

101 1163 218 1198 Sicuti
259 1161 377 1205 codd.²
415 1163 456 1195 ut
492 1173 527 1205 p.
568 1164 644 1196 136.
677 1164 738 1201 29,
777 1160 847 1204 Or.‚
885 1161 979 1195 Bait,
1015 1182 1056 1186 —
1092 1162 1132 1196 V.
1173 1166 1239 1196 381
1267 1173 1310 1205 sq
1347 1161 1441 1197 Inde

100 1211 180 1255 gaub.
220 1210 368 1244 tendens
406 1220 427 1242 a
460 1219 584 1252 puppe
619 1208 760 1242 volante
798 1208 901 1242 Clari
927 1212 1020 1252 post.
1055 1208 1166 1243 Canis
1201 1213 1283 1243 vest.
1322 1210 1441 1252 tangit

100 1256 236 1302 Hygin.
271 1278 311 1281 —
345 1255 378 1289 V
417 1259 484 1290 388
515 1256 682 1289 inlustris
707 1254 778 1297 Or„
809 1254 917 1296 Bait..
951 1256 1101 1290 inlustri
1133 1254 1204 1289 Cic.
1233 1276 1274 1280 -
1302 1255 1344 1290 V.
1372 1260 1439 1290 452

102 1316 167 1339 ser.
195 1304 298 1339 clare.
328 1324 369 1328 —
397 1301 440 1337 V.
468 1305 539 1336 406
570 1303 794 1337 Ante-canis
824 1301 962 1344 Lamb..
996 1301 1067 1345 Or.,
1098 1304 1317 1338 Antecanem
1342 1302 1438 1336 Bait.

103 1372 145 1376 „-
173 1351 217 1385 V.
244 1355 311 1384 512
339 1350 595 1394 distinquitur‚
631 1350 709 1393 ipso
735 1348 861 1383 Subter
892 1353 1062 1384 testarum
1088 1361 1176 1385 cava
1202 1351 1377 1395 teymina,
1409 1354 1441 1384 et

101 1400 202 1433 intus
231 1402 263 1432 et
294 1401 413 1440 esctra,
446 1396 588 1430 Lumen
616 1396 766 1439 liabens,
801 1397 898 1430 saevi
927 1397 988 1431 sed
1020 1397 1075 1431 vis
1104 1397 1282 1431 horrenda
1308 1396 1442 1431 Leonis

104 1445 315 1480 Pectoribus
347 1465 388 1468 —
422 1444 522 1478 Grot.
556 1463 599 1468 —
636 1442 769 1477 Laeun.
808 1444 892 1487 post
929 1454 962 1478 V.
995 1447 1063 1478 517
1096 1443 1148 1477 sie
1186 1443 1280 1488 expl.
1321 1443 1440 1478 Grot.:

101 1493 172 1527 Ille
208 1493 349 1536 quidem
380 1503 403 1525 α
433 1491 572 1525 Boreae
608 1501 737 1525 cancro
768 1491 989 1525 eonnectitur
1020 1491 1123 1525 auris
1153 1490 1191 1524 et
1221 1502 1253 1524 V.
1287 1493 1354 1524 518
1388 1490 1440 1524 sie

104 1550 247 1584 ser1ps.:
281 1539 383 1573 Alter
415 1539 459 1572 ab
490 1538 646 1580 infernis
677 1541 802 1572 contra
832 1539 1000 1572 cormitur
1030 1539 1188 1572 Austris.
1223 1558 1265 1562 ——
1297 1537 1339 1572 V.
1373 1542 1440 1572 569

100 1590 290 1632 prosectae‚
317 1597 350 1620 V.
378 1588 445 1619 576
466 1588 627 1629 prosecto
654 1595 697 1618 ex
723 1585 797 1628 opt.
826 1584 904 1618 eod.
932 1584 1031 1618 Harl.
1060 1583 1117 1619 Or.
1145 1585 1184 1618 eb
1204 1583 1299 1619 Bait.
1328 1605 1370 1608 —
1397 1584 1440 1619 V.

104 1637 172 1668 574
203 1634 227 1677 †
258 1644 325 1667 om.
360 1631 468 1676 Bait„
495 1635 654 1676 peryunt
689 1632 829 1666 eludere
853 1633 973 1675 pisces
1003 1630 1096 1666 coni.
1130 1629 1188 1666 Or.
1222 1652 1265 1656 —
1297 1630 1340 1666 V.
1374 1635 1441 1665 596

103 1681 210 1715 simul
252 1691 295 1714 ac
325 1680 446 1723 primo
477 1679 653 1723 (primum
683 1677 756 1721 all„
795 1677 906 1722 Bait.)
936 1689 1063 1723 supero
1093 1689 1128 1713 se
1159 1679 1291 1712 lumine
1323 1677 1441 1721 codd„

103 1728 211 1762 simul
235 1731 276 1761 ut
300 1737 427 1770 supero
452 1737 487 1761 se
512 1726 646 1760 lumine
671 1725 726 1759 ed.
754 1725 881 1770 prino,
913 1726 1021 1760 simul
1051 1729 1092 1760 ut
1121 1736 1247 1769 supero
1272 1736 1307 1759 se
1331 1729 1443 1759 totum

105 1774 217 1817 Grob„
245 1773 315 1816 On,
341 1774 449 1808 simul
475 1777 515 1807 ut
539 1784 651 1816 supra
675 1783 710 1807 se
734 1776 805 1807 toto
831 1773 964 1807 lumine
988 1772 1047 1807 all.
1077 1794 1119 1797 ——
1146 1772 1188 1807 V.
1214 1775 1281 1806 600
1305 1772 1443 1806 revolsa

104 1821 210 1863 Bait„
229 1822 347 1855 revisa
366 1820 484 1863 codd„
503 1821 649 1863 repulsa
667 1819 723 1854 ed.
743 1819 870 1864 princ„
891 1819 989 1863 vulg.
1011 1840 1056 1844 —-
1075 1819 1117 1854 V.
1134 1823 1317 1853 667-671
1339 1818 1444 1853 Groti

106 1867 224 1912 suppl.
242 1879 310 1902 om.
328 1868 385 1902 Or.
401 1888 443 1892 —
459 1867 501 1902 V.
518 1871 585 1901 744
599 1877 795 1902 cessansne
809 1866 977 1901 Grotium
999 1865 1225 1910 corrigentes
1244 1876 1338 1900 reee.
1360 1865 1441 1899 edd.

107 1937 147 1940 >A
176 1914 479 1958 Prognostica
503 1926 536 1949 V.
564 1918 607 1948 31
633 1914 739 1948 etiam
765 1912 878 1956 Grot„
905 1914 1031 1948 etenim
1057 1924 1146 1947 eorr.
1173 1912 1212 1946 in
1238 1912 1377 1957 Con-ig.
1400 1933 1441 1936 —

105 1962 148 1995 V.
185 1966 248 1996 152
281 1965 480 2005 utrumque
511 1959 615 1996 Groffl
649 1960 736 1994 edit.
769 1959 848 1994 sine
880 1960 991 1994 dubio
1026 1971 1162 2003 errore,
1195 1970 1304 2003 quem
1335 1969 1443 1994 nemo

105 2009 364 2054 posteriorum,
391 2009 433 2041 ut
458 2007 615 2050 videtur,
643 2006 809 2041 correxit.
834 2028 872 2031 —-
896 2007 938 2041 V.
962 2010 1027 2041 158
1054 2019 1118 2042 ora
1143 2017 1235 2041 rece.
1263 2005 1345 2041 edd.
1371 2017 1444 2040 non

106 2055 226 2090 minus
254 2055 398 2089 absurcl.
427 2075 470 2079 —
497 2054 538 2088 V.
561 2058 628 2088 220
654 2054 739 2088 Isid.
762 2054 885 2098 Origg.
906 2054 973 2087 XII
995 2059 1024 2088 7.
1046 2059 1089 2088 37
1116 2066 1150 2098 p.
1173 2058 1240 2088 406
1266 2054 1446 2088 Luscinia

109 2123 150 2128 —
177 2103 284 2147 quasi
309 2103 456 2137 lucinia.
508 2102 648 2136 Eadem
678 2105 711 2136 et
741 2102 927 2143 acredula,
960 2102 1002 2135 de
1033 2113 1105 2145 qua
1132 2101 1253 2135 Cicero
1284 2101 1325 2135 in
1353 2100 1445 2134 Pro-

105 2151 296 2197 9nosticis:
322 2149 374 2184 Et
398 2151 595 2183 matutinos
620 2152 753 2183 exercet
779 2149 949 2183 acredula
974 2153 1110 2183 cantus.
1139 2169 1181 2173 —
1209 2148 1298 2181 Post
1322 2159 1356 2182 V.
1377 2151 1444 2181 233

106 2201 182 2232 tres
207 2208 299 2231 vers.
328 2196 398 2230 del.
422 2196 522 2230 Grot.
544 2195 581 2229 in
601 2196 718 2230 Errat.
742 2216 779 2219 -
805 2195 846 2229 V.
868 2200 934 2229 266
963 2200 1044 2230 ante
1065 2207 1132 2230 om.
1160 2194 1242 2229 add.
1270 2193 1309 2227 in
1328 2194 1445 2228 Errat.

108 2245 208 2280 Grot.
238 2265 280 2269 —-
306 2244 348 2278 V.
377 2248 444 2278 330
471 2243 522 2277 Et
551 2243 692 2277 modica
723 2242 803 2276 edd.
837 2242 935 2286 vulg.
965 2263 1006 2267 -
1034 2242 1076 2277 V.
1105 2246 1171 2277 415
1201 2243 1312 2276 ternis
1336 2245 1376 2276 ut
1401 2242 1446 2275 sit

109 2292 223 2335 (iroh,
251 2302 342 2326 corr.
369 2290 408 2323 in
434 2289 550 2323 Errat.
