1663 2490
540 540 602 587 M.
642 539 831 587 TULLI
868 540 1193 588 CICERONIS

264 649 358 703 DE
401 648 693 705 OFFICHS
737 648 832 703 AD
876 649 1176 705 MARCUM
1219 649 1465 704 FILIUM

627 776 787 813 LIBER
818 775 1107 814 SECUNDUS.

647 963 1087 1002 ARGUMENTUM.

292 1040 487 1086 Proposito
514 1042 746 1085 argumento,
780 1040 825 1075 de
858 1051 930 1085 quo
965 1041 1035 1075 hoc
1061 1040 1156 1075 libro
1184 1052 1227 1075 ex
1252 1039 1454 1086 partitione
1482 1052 1535 1085 ea,

199 1099 308 1132 quam
334 1088 372 1122 in
397 1088 518 1132 priore
545 1087 639 1122 libro
666 1087 821 1131 fecerat,
849 1087 1104 1132 disputaturus
1131 1087 1196 1129 sit,
1223 1088 1382 1133 primum
1407 1099 1536 1133 prooe-

197 1135 312 1169 mium
337 1134 429 1169 facit
452 1134 500 1168 M.
529 1134 672 1170 Tullius
699 1134 916 1179 explicando
944 1135 988 1168 de
1015 1134 1089 1168 suis
1115 1134 1374 1179 philosophiae
1402 1134 1536 1169 studiis

199 1183 237 1216 et
261 1181 524 1227 scriptionibus
550 1192 593 1215 ac
620 1182 663 1215 de
690 1182 832 1216 ratione
858 1181 1147 1226 philosophandi
1167 1181 1403 1224 Academica,
1430 1183 1472 1216 ut
1490 1181 1535 1216 de

197 1240 271 1263 una.
301 1240 446 1273 quaque
479 1239 589 1263 causa
619 1228 658 1261 in
683 1229 876 1272 utramque
901 1230 1045 1273 partem
1072 1228 1283 1273 disputetur
1308 1231 1401 1274 (cap.
1432 1233 1461 1270 1,
1489 1230 1535 1273 2).

198 1276 290 1310 Tum
316 1277 574 1320 argumentum
600 1277 736 1309 tractat
760 1274 810 1317 id,
837 1275 881 1310 de
908 1287 978 1319 quo
998 1276 1068 1310 hoc
1094 1275 1189 1310 libro
1209 1275 1445 1321 potissimum
1465 1274 1536 1309 sibi

198 1323 394 1358 dicendum
414 1334 493 1357 esse
511 1322 577 1366 ait,
598 1333 640 1356 ac
653 1322 812 1367 primum
827 1322 976 1365 quidem
990 1323 1034 1356 de
1050 1322 1134 1356 utili
1148 1323 1300 1367 exponit
1314 1325 1406 1367 (cap.
1423 1326 1537 1357 3-24

198 1374 216 1412 ξ
249 1373 409 1414 9-87),
441 1372 480 1404 et
510 1369 695 1414 explicata
727 1369 875 1413 quidem
907 1369 1079 1403 um'versa
1110 1369 1213 1403 utilis
1246 1371 1394 1411 natura,
1428 1380 1538 1413 quam

196 1419 311 1461 negat
342 1417 388 1451 ab
419 1417 614 1451 honestate
647 1427 726 1450 esse
759 1416 981 1458 seiunctam,
1014 1418 1107 1461 (cap.
1135 1421 1155 1451 3
1182 1420 1200 1459 ξ
1228 1422 1259 1458 9,
1289 1419 1344 1459 10)
1377 1417 1448 1451 hoc
1474 1416 1537 1450 ad-

199 1465 361 1507 severat,
394 1463 489 1497 nihil
521 1465 585 1498 aut
615 1463 744 1497 utilius
770 1464 835 1497 aut
859 1463 1051 1497 nocentius
1078 1474 1157 1498 esse
1183 1463 1392 1498 hominibus
1418 1463 1457 1498 in
1483 1463 1536 1498 eis

198 1511 318 1556 rebus,
338 1522 431 1554 quae
452 1510 562 1545 utiles
583 1510 668 1552 sint,
689 1520 798 1554 quam
818 1509 986 1544 homines
1006 1509 1106 1554 ipsos
1124 1512 1216 1555 (cap.
1232 1514 1323 1546 3—5
1337 1514 1356 1553 ξ
1373 1512 1536 1554 11-16),

199 1570 309 1602 quam
334 1558 381 1592 ob
407 1569 483 1592 rem
510 1557 761 1592 conciliandos
787 1556 929 1591 animos
948 1556 1137 1591 hominum
1159 1558 1196 1591 et
1215 1557 1261 1591 ad
1281 1569 1368 1592 usus
1389 1558 1535 1592 nostros

199 1605 453 1650 adjungendos
480 1615 559 1639 esse
587 1604 690 1647 dicit,
717 1603 816 1648 quod
842 1603 892 1638 sit
916 1615 1047 1638 munus
1074 1604 1222 1639 virtutis
1250 1604 1396 1639 exclusa
1423 1604 1535 1639 etiam

199 1653 237 1687 vi
263 1652 432 1686 fortunae
459 1654 553 1697 (cap
582 1655 613 1694 5,
641 1656 660 1686 6
687 1655 705 1693 ξ
735 1655 819 1685 17——
825 1652 896 1695 20).
947 1650 1039 1684 Tum
1065 1662 1212 1695 causas,
1245 1663 1355 1695 quam
1388 1652 1433 1686 ob
1459 1663 1534 1686 rem

198 1699 366 1735 homines
392 1699 602 1733 hominibus
629 1697 842 1740 inserviant,
869 1698 1059 1732 enumerat
1084 1699 1122 1732 et
1146 1699 1359 1743 pertractat,
1385 1698 1536 1733 benivo-

199 1747 364 1789 lentiam
385 1745 679 1788 admirationem,
700 1744 894 1779 commoda
912 1746 1066 1789 accepta
1085 1745 1151 1779 aut
1169 1745 1387 1790 accipienda
1407 1748 1498 1790 (cap
1517 1749 1536 1779 6

199 1799 218 1837 ξ
243 1798 342 1828 20-
298 1795 421 1838 2-2),
454 1793 540 1827 dein
572 1791 772 1837 separatim
804 1791 895 1826 dicit
926 1791 970 1825 de
1003 1791 1258 1826 benivolentia
1289 1798 1328 1826 et
1353 1792 1536 1827 contrario

199 1841 277 1876 eius
308 1841 411 1875 metu
443 1843 536 1885 (cap.
571 1844 602 1881 7
634 1843 655 1874 8
688 1844 706 1881 ξ»
732 1843 828 1873 23-
838 1840 911 1883 30),
943 1839 1021 1872 tum
1053 1839 1098 1873 de
1130 1838 1250 1883 gloria
1282 1841 1376 1884 (cap
1410 1843 1484 1874 9—
1495 1843 1537 1873 14

198 1892 218 1930 ξ
250 1892 344 1922 31-
356 1891 427 1930 51),
465 1888 545 1921 tum
580 1868 624 1920 d'e
656 1885 901 1920 beneficentia
932 1886 969 1919 et
1000 1885 1224 1920 liberalitate
1257 1887 1350 1931 (cap.
1388 1890 1481 1920 15—
1492 1890 1537 1920 ‘24

199 1939 218 1977 ἓ
239 1937 402 1977 52-85),
425 1933 582 1977 denique
604 1933 648 1967 de
669 1932 825 1967 aliarum
844 1943 964 1966 rerum
984 1932 1148 1967 utilitate
1169 1935 1262 1977 (cap.
1285 1937 1329 1966 24
1349 1938 1367 1975 ξ
1388 1937 1444 1974 86,
1465 1935 1538 1977 87),

198 1982 386 2027 postremo
414 1981 621 2014 utilitatum
647 1979 961 2024 comparationem
987 1978 1152 2014 instituit
1177 1981 1270 2025 (cap.
1298 1981 1368 2024 25).

150 2124 172 2205 ξ
290 2147 425 2196 Quem
457 2147 510 2188 ad
548 2146 721 2188 modum
757 2145 898 2187 officia
929 2145 1182 2187 ducerentur
1215 2146 1268 2187 ab
1301 2146 1540 2199 honestate,

200 2207 342 2248 Marce
374 2205 448 2259 fili,
482 2207 609 2259 atque
642 2205 695 2246 ab
729 2205 843 2246 omni
879 2217 1032 2259 genere
1058 2204 1244 2258 virtutis,
1277 2204 1382 2246 satis
1411 2204 1539 2259 expli-

200 2269 345 2308 catum
366 2264 554 2306 arbitror
573 2264 684 2304 libro
700 2263 927 2318 superiore.
962 2261 1173 2317 Sequitur,
1193 2265 1241 2304 ut
1257 2263 1362 2304 haec
1383 2262 1538 2304 officio-
