1673 2505
254 80 340 121 380
770 78 1069 113 FRAGMENTA

157 193 238 229 435
255 188 387 229 Orion
416 187 586 242 fugiens
618 187 887 228 commendat
919 201 1100 240 corpora
1129 187 1268 227 terris.

254 246 363 286 Tum
395 260 494 287 vero
526 245 639 300 fugit
671 245 961 298 Andromeda,
994 247 1037 285 et
1067 243 1287 298 Neptunia
1317 244 1478 286 Pistrix

255 305 364 345 Tota
396 305 521 357 latet,
554 304 664 344 cedit
697 318 899 344 converso
933 317 1110 357 corpore
1143 302 1336 357 Cepheus

253 363 480 404 Extremas
514 362 651 403 medio
685 362 936 416 contingens
969 376 1145 415 corpore
1176 364 1325 402 terras.
1523 373 1590 404 690

254 422 335 463 Hic
367 423 494 475 caput
527 423 569 460 et
601 435 777 474 superas
809 421 923 474 potis
957 423 1022 461 est
1054 420 1298 475 demergere
1329 423 1491 475 partes,

156 479 397 523 4401nfera
429 479 673 520 lumborum
705 493 937 532 numquam
970 478 1205 520 convestiet
1237 479 1407 533 umbra3

253 538 367 579 Nam
399 538 586 578 retinent
618 537 776 579 Arctoe
809 538 1043 578 lustrantes
1076 537 1235 578 lumine
1269 551 1400 579 suras.

252 597 434 638 Labitur
465 597 541 636 illa
573 596 701 637 simul
735 598 911 651 gnatam
944 596 1172 637 lacrimosa
1202 596 1420 649 requirens

255 655 476 710 Cassiepia
506 669 643 708 neque
676 670 724 695 ex
758 656 875 696 caelo
909 655 1085 709 depulsa
1117 654 1266 696 decore
1525 665 1591 697 695

252 713 424 768 Fertur3
456 728 555 754 nam
587 728 710 755 verso
744 714 996 768 contingens
1027 713 1185 754 vertice
1216 713 1403 767 primum

155 779 237 815 445
254 773 426 826 Terras,
459 775 559 827 post
590 773 748 813 umeris
782 787 928 813 eversa
961 772 1058 813 sede
1090 772 1284 813 refertur.

253 832 377 873 Hanc
407 831 473 872 illi
504 832 701 872 tribuunt
732 845 915 885 poenam
948 830 1151 872 Nereides
1185 831 1340 884 almae,

254 890 361 932 Cum
395 890 560 944 quibus,
591 892 638 931 ut
670 890 909 943 perhibent,
942 904 1046 931 ausa
1071 892 1136 930 est
1163 890 1414 931 contendere
1442 889 1590 931 forma.

252 949 369 990 Haec
401 949 493 990 obit
523 949 747 1002 inclinata3
780 951 824 989 at
856 963 955 1003 pars
989 952 1137 989 exorta
1168 947 1360 989 Coronae
1393 951 1458 989 est
1526 960 1591 991 700

254 1007 423 1061 Altera,
456 1023 551 1049 cum
584 1008 800 1061 caudaque
834 1007 972 1048 omnis
1004 1007 1089 1048 iam
1121 1006 1323 1062 panditur
1355 1007 1513 1062 Hydra.

156 1072 239 1109 450
254 1066 315 1107 At
346 1069 474 1121 caput
506 1069 549 1107 et
579 1068 719 1107 totum
753 1080 843 1107 sese
877 1066 1115 1107 Centaurus
1148 1066 1291 1120 opacis

251 1125 396 1179 Eripit
428 1140 450 1166 e
482 1124 671 1166 tenebris
703 1125 899 1178 linquens
932 1125 1117 1180 vestigia
1147 1139 1281 1178 parva

252 1183 524 1238 Antepedum
558 1186 770 1236 contecta,
803 1183 930 1224 simul
964 1198 1059 1224 cum
1092 1183 1251 1224 lumine
1282 1183 1432 1238 pandit

251 1243 349 1297 Ipse
379 1242 516 1283 feram
549 1243 697 1283 dextra
728 1242 934 1295 retinens,
964 1244 1034 1283 secl
1062 1246 1217 1283 caetera
1247 1243 1388 1295 magam
1525 1252 1592 1283 705

252 1302 502 1354 Exspectant
531 1315 650 1342 arcus
681 1305 825 1342 ortum.
875 1300 1122 1342 Prolabitur
1153 1301 1250 1341 inde

253 1360 550 1415 Anguitenens
584 1359 722 1413 capite
755 1363 798 1400 et
829 1360 1038 1412 manibus,
1070 1359 1235 1414 profert
1268 1360 1395 1400 simul
1422 1359 1590 1415 Anguis

154 1424 235 1461 455
252 1418 345 1460 Iam
378 1421 506 1473 caput
539 1421 581 1459 et
613 1433 826 1458 summum
857 1418 966 1459 flexo
1000 1418 1049 1459 de
1081 1432 1258 1472 corpore
1290 1419 1443 1459 lumen.

312 1477 394 1518 Hic
425 1477 498 1518 ille
530 1477 719 1518 exoritur
751 1491 955 1518 converso
988 1491 1164 1531 corpore
1196 1476 1333 1518 Nixus

253 1535 424 1587 Alvum,
451 1551 586 1589 crura,
610 1550 782 1576 umeros
809 1535 936 1577 simul
964 1538 1006 1576 et
1025 1535 1274 1590 praecordia
1294 1536 1483 1577 lustrans
1523 1547 1590 1578 710

253 1595 312 1636 Et
343 1595 493 1635 dextra
524 1595 666 1635 radios
698 1594 812 1635 laeto
846 1609 941 1635 cum
973 1594 1133 1635 lumine
1163 1594 1340 1635 iactans.

252 1653 356 1694 Inde
389 1652 773 1708 Sagittipotens
807 1667 981 1707 superas
1014 1668 1108 1694 cum
1141 1653 1277 1694 visere
1309 1654 1424 1694 luces

158 1717 239 1753 460
255 1712 437 1765 institit,
471 1712 653 1767 emergit
683 1711 785 1752 Nixi
817 1714 963 1766 caput,
995 1715 1037 1753 et
1070 1712 1197 1752 simul
1229 1712 1350 1752 effert

254 1770 355 1812 Sese
387 1771 503 1812 clara
534 1770 658 1811 Fides
691 1773 733 1811 et
764 1771 925 1825 promit
956 1773 1127 1825 pectore
1160 1769 1366 1825 Cepheus.

252 1829 456 1871 Fervidus
487 1830 561 1870 ille
594 1828 722 1870 Canis
754 1832 846 1870 toto
880 1844 975 1870 cum
1007 1843 1183 1883 corpore
1215 1829 1343 1882 cedit,
1523 1838 1589 1870 715

253 1888 440 1929 Abditur
472 1888 621 1942 Orion,
653 1889 745 1930 obit
777 1890 819 1929 et
850 1888 989 1942 Lepus
1024 1888 1194 1929 abditus
1226 1888 1396 1941 umbra,

252 1946 463 1988 Inferiora
495 1947 652 1988 cadunt
683 1947 873 2002 Aurigae
905 1947 1069 1988 lumina
1102 1947 1243 2001 lapsu,

156 2010 236 2047 465
254 2005 361 2047 Crus
395 2006 674 2060 dextrumque
705 2006 856 2061 pedem
887 2006 1084 2060 linquens
1120 2006 1212 2047 obit
1242 2005 1379 2046 infera
1408 2004 1589 2047 Perseus

252 2064 305 2105 In
336 2065 447 2119 loca,
478 2068 571 2105 tum
603 2065 753 2106 cedens
786 2080 811 2105 a
842 2065 974 2119 puppi
1006 2064 1215 2118 linquitur
1245 2063 1378 2119 Argo.

310 2122 414 2164 Inde
441 2124 589 2165 obiens
610 2123 952 2178 Capricornus
980 2124 1032 2164 ab
1061 2124 1149 2164 alto
1176 2123 1336 2164 lumine
1356 2122 1480 2177 pellit
1522 2132 1590 2163 7-20

254 2181 464 2237 Aurigam
495 2183 814 2237 instantemque
847 2181 1043 2236 Capram,
1074 2196 1230 2236 parvos
1263 2181 1390 2222 simul
1418 2180 1588 2222 Haedos

254 2240 313 2281 Et
346 2255 547 2296 magnam
580 2241 757 2295 antiquo
790 2241 966 2296 depellit
997 2240 1167 2282 nomine
1198 2239 1373 2281 Navem.

156 2305 241 2342 470
258 2299 464 2341 Obruitur
494 2300 709 2355 Procyon,
742 2302 960 2351 emergunt
992 2299 1094 2341 alite
1127 2299 1250 2354 lapsu
