1663 2490
133 500 176 532 54

130 1145 172 1176 55

131 1556 173 1587 56

133 2203 173 2234 57

200 32 260 72 20
717 31 781 66 DE
806 31 1004 67 OFFICIIS

202 138 338 180 multa
376 139 489 180 enim
527 142 626 181 sunt
663 139 825 181 civibus
862 139 975 181 inter
1006 154 1050 180 se
1082 140 1341 193 communia,
1383 141 1537 195 forum,

201 197 314 251 fana,
345 198 546 252 porticus,
576 198 682 252 viae,
713 198 843 253 leges,
873 198 979 251 iura,
1003 197 1169 253 iudicia,
1198 198 1415 254 suffragia,
1441 214 1536 241 con-

202 255 446 298 suetudines
483 258 706 311 praeterea
742 259 786 298 et
822 256 1140 298 familiaritates
1177 257 1409 311 multisque
1440 272 1536 299 cum

201 314 351 356 multis
382 329 449 356 res
481 315 751 369 rationesque
790 317 1044 357 contractae.
1105 315 1256 357 Artior
1286 330 1387 357 vero
1419 316 1535 358 colli-⁴

203 373 322 428 gatio
361 376 427 415 est
464 373 681 415 societatis
720 373 1076 428 propinquorum3
1119 375 1173 415 ab
1211 374 1287 415 illa
1323 374 1435 415 enim
1472 374 1535 415 in-

202 445 350 473 mensa
373 432 576 473 societate
601 432 777 472 humani
803 432 970 487 generis
995 432 1040 473 in
1064 433 1263 488 exiguum
1289 435 1536 488 angustum-

203 505 284 544 que
315 491 592 532 concluditur.
654 489 767 531 Nam
799 505 894 532 cum
926 490 983 532 sit
1015 491 1096 533 hoc
1126 493 1283 532 natura
1313 506 1536 533 commune

204 549 503 603 animantium,
535 551 583 590 ut
614 548 802 590 habeant
832 549 1066 591 lubidinem
1097 549 1365 605 procreandi,
1396 550 1536 604 prima

203 607 414 649 societas
403 622 447 648 1n
465 608 559 662 ipso
586 607 783 673 coniugio
810 610 886 661 est,
911 608 1106 663 proxima
1129 608 1176 649 in
1200 608 1360 662 liberis,
1387 608 1535 650 deinde

201 680 286 707 una
310 666 472 719 domm,
497 666 738 707 communia
763 666 923 719 omnia3
947 666 990 707 id
1016 669 1159 707 autem
1185 669 1250 707 est
1277 667 1534 722 principium

201 724 319 766 urbis
346 726 389 765 et
415 724 537 778 quasi
563 724 836 766 seminarium
856 725 916 766 rei
936 724 1143 779 publicae
1187 723 1431 779 Sequuntur
1452 725 1535 766 fra-

201 786 316 824 trum
354 783 689 836 coniunctiones‚
727 785 827 838 post
863 783 1216 825 consobrinorum
1248 784 1536 825 sobrinorum—

202 856 294 895 que,
327 842 399 895 qui
424 856 519 883 cum
544 856 629 883 una
655 842 779 883 domo
805 842 891 883 iam
918 842 1011 897 capi
1037 856 1123 883 non
1148 842 1327 896 possint,
1355 842 1402 883 in
1427 843 1534 884 alias

202 900 350 941 domos
370 904 592 955 tamquam
611 901 656 942 in
674 901 863 942 colonias
885 903 1050 942 exeunt.
1090 898 1334 955 Sequuntur
1354 901 1536 942 conubia

201 961 244 1000 et
270 959 526 1013 adfinitates,
557 974 607 1000 ex
635 959 788 1013 quibus
814 959 944 1001 etiam
969 959 1113 1014 plures
1146 959 1394 1014 propinqui3
1427 974 1534 1014 quae

199 1018 457 1073 propagatio
502 1020 545 1059 et
589 1018 760 1059 suboles
804 1018 926 1073 origo
971 1020 1036 1059 est
1072 1032 1213 1059 rerum
1254 1018 1535 1072 publicarum.

202 1075 430 1132 Sanguinis
468 1079 610 1118 autem
649 1077 889 1118 coniunctio
932 1079 974 1117 et
1016 1077 1305 1118 benivolentia
1349 1076 1536 1118 devincit

199 1134 395 1177 homines
425 1138 463 1176 et
492 1135 690 1189 caritate3
721 1149 924 1190 magnum
957 1138 1022 1176 est
1054 1135 1166 1176 enim
1199 1135 1345 1176 eadem
1375 1136 1534 1177 habere

200 1196 477 1235 monumenta
496 1194 718 1246 maiorum,
738 1194 895 1235 eisdem
915 1194 979 1235 uti
999 1194 1143 1248 sacris,
1165 1195 1360 1248 sepulcra
1375 1194 1533 1235 habere

200 1252 451 1294 communia.
502 1251 583 1293 Sed
609 1252 798 1294 omnium
825 1252 1078 1294 societatum
1102 1253 1224 1294 nulla
1243 1253 1534 1307 praestantior

200 1314 277 1364 est⁷
302 1311 422 1352 nulla
446 1311 621 1365 firmior,
648 1326 775 1365 quam
802 1326 895 1352 cum
921 1311 1002 1352 viri
1027 1311 1128 1353 boni
1153 1311 1344 1353 moribus
1372 1311 1533 1352 similes

200 1373 300 1411 sunt
318 1369 614 1411 familiaritate
634 1369 864 1424 coniuncti3
889 1370 997 1410 illud
1017 1370 1129 1411 enim
1148 1369 1394 1424 honestum,
1421 1369 1533 1424 quod

200 1442 327 1483 saepe
359 1428 549 1482 dicimus⁷
581 1428 710 1469 etiam
743 1428 779 1470 si
809 1429 852 1469 in
883 1428 966 1469 alio
992 1428 1215 1481 cernimus,
1248 1430 1427 1480 [tamen]
1454 1443 1533 1470 nos

199 1489 344 1528 movet
382 1489 509 1541 atque
546 1487 629 1541 illi,
672 1488 716 1528 in
760 1501 842 1541 quo
886 1487 929 1528 id
965 1487 1103 1529 inesse
1146 1487 1330 1541 videtur,
1374 1487 1532 1529 amicos

199 1545 315 1587 facit.
376 1545 434 1587 Et
472 1560 729 1600 quamquam
768 1545 904 1587 omnis
945 1546 1082 1587 virtus
1119 1560 1197 1587 nos
1236 1545 1289 1586 ad
1321 1559 1365 1587 se
1398 1546 1534 1587 allicit

198 1604 403 1659 facitque,
440 1607 490 1646 ut
520 1619 591 1646 eos
624 1604 872 1659 diligamus,
908 1604 952 1645 in
991 1604 1144 1658 quibus
1181 1604 1275 1658 ipsa
1306 1604 1443 1645 inesse
1475 1604 1532 1646 vi-

200 1663 362 1717 deatur,
394 1666 538 1704 tamen
568 1663 736 1705 iustitia
767 1666 809 1704 et
840 1663 1078 1704 liberalitas
1098 1662 1154 1704 id
1180 1662 1362 1704 maxime
1389 1662 1532 1704 efficit.

199 1721 320 1763 Nihil
348 1724 490 1763 autem
515 1724 582 1763 est
607 1722 834 1763 amabilius
859 1736 935 1763 nec
955 1721 1196 1776 copulatius
1218 1736 1345 1775 quam
1365 1735 1529 1762 morum

200 1780 436 1822 similitudo
456 1780 684 1835 bonorum3
709 1781 754 1821 in
774 1780 925 1834 quibus
947 1780 1059 1821 enim
1085 1780 1231 1821 eadem
1257 1780 1400 1821 studia
1422 1782 1531 1834 sunt,

200 1839 372 1882 eaedem
403 1839 666 1893 voluntates,
703 1839 748 1880 in
778 1839 829 1879 iis
860 1838 911 1879 fit
941 1841 989 1879 ut
1021 1852 1151 1893 aeque
1184 1838 1363 1893 quisque
1395 1839 1531 1880 altero

200 1898 434 1940 delectetur
460 1912 507 1940 ac
534 1912 578 1939 se
609 1898 715 1952 ipso,
747 1897 1011 1951 efficiturque
1037 1897 1091 1946 id,
1124 1897 1235 1951 quod
1260 1896 1531 1952 Pythagoras

198 1957 294 1998 vult
319 1956 363 1998 in
388 1956 588 2010 amicitia,
614 1959 662 1998 ut
687 1970 793 1998 unus
818 1956 896 1997 fiat
915 1970 964 1997 ex
984 1955 1190 2010 pluribus.
1221 1955 1382 2011 Magna
1401 1955 1532 1997 etiam

199 2015 277 2056 illa
303 2016 585 2056 communitas
612 2018 688 2069 est,
720 2029 827 2069 quae
853 2015 1074 2056 conficitur
1101 2029 1151 2055 ex
1175 2014 1390 2056 beneficiis
1416 2015 1531 2057 ultro

200 2076 243 2115 et
280 2074 387 2115 citro
419 2074 531 2115 datis
564 2073 759 2129 acceptis,
797 2087 904 2128 quae
942 2075 984 2114 et
1021 2076 1170 2114 mutua
1201 2076 1244 2114 et
1276 2075 1402 2129 grata
1433 2073 1531 2114 dum

201 2135 312 2186 sunt,
343 2132 455 2173 inter
487 2147 593 2186 quos
625 2147 674 2173 ea
706 2135 815 2186 sunt,
846 2132 970 2173 firma
996 2131 1291 2173 devinciuntur
1317 2131 1531 2174 societate.

201 2190 283 2233 Sed
320 2205 415 2232 cum
453 2191 598 2233 omnia
628 2191 793 2232 ratione
826 2190 1050 2244 animoque
1088 2191 1306 2244 lustratis,
1343 2191 1533 2232 omnium

203 2249 455 2292 societatum
493 2250 612 2291 nulla
644 2252 709 2291 est
748 2249 938 2305 gravior,
974 2249 1094 2290 nulla
1131 2249 1269 2291 carior
1306 2263 1434 2304 quam
1471 2264 1533 2298 ea,

1557 684 1588 708 10

1556 977 1587 1003 15

1554 1271 1586 1296 20

1554 1563 1585 1588 25

1552 1856 1584 1881 30

1552 2148 1583 2175 35
