1663 2490
504 68 603 103 CAP.
632 73 769 104 20—22
820 73 839 110 ἓ
868 73 1015 104 75-80-
1338 71 1421 112 159

88 178 328 219 animorum
366 175 654 229 disseruisset,
697 175 733 217 is
773 176 845 230 qui
882 178 996 216 esset
1027 176 1216 217 omnium
1258 177 1421 231 sapien-

87 236 280 276 tissimus
313 233 485 276 oraculo
511 233 730 288 Apollinis
756 234 978 275 iudicatus.
1023 232 1133 282 Quid
1163 234 1328 276 multa?
1361 236 1421 277 sic

86 293 279 349 persuasi
311 292 435 345 mihi,
468 292 528 333 sic
560 293 716 346 sentio,
747 307 843 334 cum
874 295 998 333 tanta
1029 292 1225 334 celeritas
1261 293 1420 335 animo-

87 366 181 393 rum
213 351 287 404 sit,
328 353 451 392 tanta
489 351 695 392 memoria
725 351 1056 405 praeteritorum
1093 350 1420 405 futurorumque

51 422 67 447 5
86 409 323 465 prudentia,
354 411 423 450 tot
448 411 575 462 artes,
606 411 754 450 tantae
786 409 1001 463 scientiae,
1031 411 1099 450 tot
1123 410 1309 463 inventa,
1334 424 1422 451 non

85 482 211 523 posse
244 482 337 509 eam
368 470 579 520 naturam,
613 482 720 521 quae
746 482 814 509 res
840 482 911 509 eas
937 468 1167 522 contineat,
1194 482 1285 509 esse
1311 483 1421 509 mor-

85 527 230 580 talem,
261 540 439 579 cumque
472 540 639 580 semper
665 526 854 581 agitetur
881 527 1047 568 animus
1067 541 1144 568 nec
1163 527 1421 581 principium

85 587 228 626 motus
259 585 430 638 habeat,
463 584 563 638 quia
595 598 639 625 se
669 585 762 639 ipse
794 587 977 639 moveat,
1006 599 1059 626 ne
1090 585 1218 626 finem
1250 585 1421 639 quidem

84 643 334 685 habiturum
366 657 458 684 esse
490 645 651 697 motus,
684 643 784 697 quia
814 658 1048 698 numquam
1080 657 1124 685 se
1153 644 1244 698 ipse
1278 644 1335 685 sit
1360 658 1421 685 re-

34 714 65 738 10
85 702 283 755 licturus,
322 704 382 752 et,
421 716 516 743 cum
556 701 737 756 simplex
776 702 907 743 animi
944 704 1058 743 esset
1093 704 1248 744 natura
1284 717 1421 756 neque

84 760 264 801 haberet
303 759 348 801 in
386 774 430 801 se
468 760 695 814 quicquam
733 760 970 802 admixtum
1008 761 1152 815 dispar
1190 761 1256 802 sui
1293 763 1421 815 atque

85 819 312 872 dissimile,
348 833 434 860 non
466 833 592 873 posse
624 833 720 860 eum
751 819 900 873 dividi3
932 819 1045 873 quod
1077 820 1112 860 si
1144 833 1230 860 non
1261 822 1420 874 posset,

84 892 170 919 non
196 892 321 932 posse
346 877 540 930 interire3
566 891 807 932 magnoque
834 892 925 918 esse
946 880 1200 933 argumento
1227 878 1420 920 homines

85 936 192 978 scire
224 937 428 990 pleraque
461 938 577 989 ante,
619 950 747 989 quam
777 936 870 977 nati
902 935 1006 989 sint,
1038 936 1151 990 quod
1176 936 1263 977 iam
1288 937 1422 990 pueri,

34 1006 65 1031 15
86 1009 181 1036 cum
205 997 318 1035 artes
346 994 540 1035 difficiles
566 993 745 1047 discant,
775 994 839 1035 ita
864 994 1059 1035 celeriter
1084 1008 1150 1035 res
1182 995 1421 1036 innumera—

84 1053 193 1094 biles
226 1053 452 1107 arripiant,
489 1055 538 1093 ut
578 1067 649 1093 eas
680 1067 768 1093 non
797 1055 890 1093 tum
921 1052 1109 1107 primum
1142 1053 1331 1107 accipere
1363 1054 1421 1094 vi-

85 1113 277 1164 deantur,
310 1111 382 1152 sed
399 1111 616 1152 reminisci
637 1113 679 1152 et
704 1110 930 1152 recordari.
969 1110 1085 1152 Haec
1105 1110 1300 1152 Platonis
1320 1111 1420 1152 fere.

84 1170 212 1225 Apud
242 1169 572 1224 Xenophontem
605 1171 749 1210 autem
777 1169 963 1211 moriens
991 1168 1127 1224 Cyrus
1154 1170 1292 1211 maior
1316 1170 1421 1212 haec
1436 1157 1491 1239 27}

85 1228 204 1270 dicit:
249 1227 446 1269 ‘Nolite
479 1227 755 1281 arbitrari,
792 1243 816 1269 o
849 1228 974 1269 mihi
1011 1228 1268 1269 carissimi
1298 1228 1421 1283 filii,

33 1299 65 1323 20
85 1301 175 1340 me,
207 1301 314 1328 cum
346 1301 371 1327 a
401 1286 548 1328 vobis
581 1286 887 1341 discessero,
917 1300 1166 1340 nusquam
1199 1289 1285 1328 aut
1309 1288 1420 1328 nul-

84 1346 186 1387 lum
216 1345 340 1387 fore.
384 1343 486 1387 Nec
518 1345 668 1399 enim,
701 1345 811 1386 dum
844 1359 979 1386 eram
1004 1345 1287 1400 vobiscum,
1314 1346 1421 1387 ani-

85 1419 213 1445 mum
257 1418 416 1445 meum
465 1403 746 1458 videbatis,
796 1403 881 1445 sed
925 1418 1036 1445 eum
1080 1418 1191 1446 esse
1234 1405 1286 1445 in
1328 1404 1422 1446 hoc

85 1477 295 1517 corpore
328 1477 384 1503 ex
415 1462 479 1503 iis
505 1462 673 1517 rebus,
707 1476 828 1516 quas
856 1463 1112 1518 gerebam,
1143 1463 1421 1518 intellege-

84 1521 234 1563 batis.
295 1520 520 1562 Eundem
551 1521 714 1576 igitur
752 1535 861 1562 esse
902 1521 1173 1576 creditote,
1214 1521 1420 1563 etiamsi

32 1590 65 1616 2⁵
84 1580 282 1622 nullum
313 1579 568 1620 videbitis.
631 1578 733 1622 Nec
763 1593 882 1621 vero
909 1580 1168 1621 clarorum
1193 1580 1418 1622 virorum
1447 1591 1490 1623 80

84 1640 201 1694 post
244 1640 456 1680 mortem
505 1638 724 1680 honores
770 1641 1147 1692 permanerent,
1197 1639 1240 1680 si
1287 1639 1420 1680 nihil

86 1712 254 1739 eorum
291 1696 523 1751 ipsorum
561 1696 717 1738 animi
755 1696 1047 1751 efficerent,
1092 1711 1186 1751 quo
1226 1697 1420 1739 diutius

85 1755 379 1797 memoriam
411 1755 488 1796 sui
519 1757 827 1796 teneremus.
886 1754 1012 1796 Mihi
1044 1755 1248 1809 quidem
1284 1770 1422 1798 num-

86 1829 232 1869 quam
274 1813 573 1868 persuaderi
614 1814 788 1868 potuit
826 1813 1037 1868 animos,
1081 1814 1192 1855 dum
1229 1814 1279 1855 in
1317 1829 1421 1856 cor-

33 1872 295 1928 soporibus
329 1874 504 1913 essent
529 1872 857 1926 mortalibus,
892 1872 1083 1926 vivere,
1121 1887 1228 1914 cum
1255 1887 1421 1915 exces-

85 1931 276 1973 sissent
320 1945 376 1972 ex
418 1930 509 1984 eis,
559 1931 733 1984 emori,
774 1945 863 1972 nec
900 1945 1020 1972 vero
1057 1933 1162 1972 tum
1200 1931 1423 1973 animum

86 2004 194 2031 esse
243 1989 593 2044 insipientem,
644 2004 750 2032 cum
800 2003 856 2030 ex
899 1989 1171 2044 insipienti
1210 2004 1422 2045 corpore

86 2048 356 2102 evasisset,
400 2047 485 2089 sed
522 2062 630 2089 cum
668 2047 802 2089 omni
840 2047 1152 2090 admixtione
1190 2049 1422 2104 corporis

85 2107 340 2148 liberatus
372 2120 533 2161 purus
566 2109 615 2148 et
644 2106 847 2162 integer
879 2120 987 2148 esse
1013 2106 1287 2162 coepisset,
1318 2110 1422 2148 tum

34 2176 66 2202 ³5
86 2179 196 2207 esse
228 2165 517 2220 sapientem.
562 2164 729 2219 Atque
761 2165 915 2206 etiam
947 2179 1053 2206 cum
1084 2165 1306 2207 hominis
1337 2180 1424 2207 na-

85 2226 200 2266 tura
234 2226 396 2265 morte
428 2223 755 2278 dissolvitur,
795 2226 1078 2265 ceterarum
1114 2239 1280 2266 rerum
1311 2239 1421 2279 per-

87 2282 316 2337 spicuum
342 2284 420 2323 est
446 2296 540 2336 quo
562 2296 788 2337 quaeque
809 2281 1053 2336 discedat3
1079 2282 1266 2324 abeunt
1292 2283 1422 2324 enim
