1663 2490
119 1585 163 1617 14

192 59 276 100 136
507 58 633 94 CATO
658 58 816 93 MAIOR
840 58 906 92 DE
931 58 1214 94 SENECTUTE

187 166 393 222 legimus,
437 180 564 221 quem
595 166 904 221 philosophum
939 180 1028 207 non
1058 167 1401 209 contemnimus?
1442 167 1532 210 Nec

187 239 290 267 vero
322 225 434 266 ille
423 239 467 265 m
494 225 587 266 luce
614 224 740 266 modo
768 228 895 278 atque
921 224 966 265 in
991 225 1126 266 oculis
1153 225 1311 266 civium
1338 240 1532 281 magnus,

189 283 262 325 sed
294 283 410 324 intus
438 283 637 336 domique
664 283 967 337 praestantior.
1011 282 1092 331 Qui
1113 298 1265 336 sermo,
1286 298 1392 337 quae
1414 299 1532 339 piae-

187 344 324 396 cepta,
351 345 514 396 quanta
533 341 691 382 notitia
712 341 999 395 antiquitatis,
1020 342 1229 383 scientia
1219 342 1323 383 iuris
1345 343 1530 397 augurii!

186 400 351 442 Multae
384 401 527 453 etiam,
559 402 608 440 ut
639 400 684 440 in
715 399 888 441 homine
920 400 1129 454 Romano,
1162 401 1353 454 litterae3
1388 402 1531 443 omnia
1550 414 1566 439 5

187 459 395 500 memoria
427 458 603 500 tenebat
634 472 721 499 non
753 458 988 500 domestica
1021 460 1173 513 solum,
1206 460 1280 501 sed
1309 460 1439 501 etiam
1466 475 1532 501 ex-

188 520 312 559 terna
344 517 472 558 bella.
535 516 665 558 Cuius
698 531 893 558 sermone
928 517 991 559 ita
1028 521 1120 559 tum
1158 518 1308 573 cupide
1345 519 1533 572 fruebar,

189 576 312 630 quasi
333 576 419 616 iam
441 575 692 628 divinarem,
722 575 765 616 id
785 576 899 630 quod
929 576 1082 630 evenit,
1108 576 1186 617 illo
1214 577 1401 618 extincto
1427 577 1533 631 fore,

189 635 299 676 unde
338 634 562 688 discerem,
604 634 830 676 neminem.
892 633 1104 683 Quorsum
1136 635 1270 689 igitur
1306 636 1411 678 haec
1442 639 1532 677 tam

189 694 328 734 multa
360 693 410 733 de
448 692 666 734 Maximo?
711 692 820 741 Quia
858 693 1050 748 profecto
1088 693 1243 734 videtis
1280 694 1401 735 nefas
1440 709 1532 736 esse
1553 708 1587 732 10

190 752 305 793 dictu
347 751 549 792 miseram
587 751 719 792 fuisse
757 751 891 792 talem
924 755 1198 794 senectutem.
1259 751 1349 794 Nec
1387 756 1533 794 tamen

189 824 336 852 omnes
369 813 552 864 possunt
583 824 675 851 esse
708 809 928 864 Scipiones
962 813 1036 851 aut
1066 810 1257 865 Maximi,
1287 815 1337 853 ut
1360 812 1533 852 urbium

189 868 543 924 expugnationes,
568 872 616 909 ut
641 869 859 923 pedestres
885 869 1114 911 navalesve
1140 870 1321 925 pugnas,
1346 873 1395 911 ut
1417 870 1534 912 bella

189 944 215 970 a
235 942 279 969 se
301 930 435 982 gesta,
460 931 509 968 ut
534 927 778 982 triumphos
802 927 1089 969 recordentur.
1132 927 1213 969 Est
1239 929 1371 969 etiam
1391 929 1533 983 quiete

189 990 233 1028 et
263 1001 368 1041 pure
401 989 529 1040 atque
562 986 783 1041 eleganter
816 990 936 1028 actae
969 987 1125 1028 aetatis
1151 987 1322 1042 placida
1347 1002 1396 1029 ac
1422 988 1530 1028 lenis
1553 1000 1585 1025 15

189 1049 398 1099 senectus,
432 1045 603 1099 qualem
631 1045 871 1100 accepimus
903 1044 1112 1100 Platonis,
1145 1046 1217 1099 qui
1243 1060 1328 1087 uno
1349 1049 1392 1087 et
1417 1049 1532 1088 octo-

189 1104 354 1160 gesimo
388 1118 500 1145 anno
533 1104 723 1145 scribens
762 1107 828 1145 est
860 1107 1073 1158 mortuus,
1112 1105 1284 1158 qualem
1314 1104 1533 1158 Isocratis,

189 1163 263 1217 qui
283 1177 378 1204 euin
401 1163 569 1214 librum,
585 1163 656 1216 qui
670 1162 1014 1204 Panathenaicus
1029 1163 1291 1217 inscribitur,
1318 1167 1473 1217 quarto
1488 1166 1532 1205 et

187 1221 470 1276 nonagesimo
497 1236 609 1262 anno
637 1222 859 1275 scripsisse
886 1236 930 1262 se
958 1222 1060 1262 dicit
1085 1222 1277 1275 vixitque
1299 1223 1532 1276 quinquen-

188 1280 306 1321 nium
328 1283 496 1335 postea3
523 1279 640 1321 cuius
662 1280 871 1334 magister
891 1280 1125 1321 Leontinus
1148 1280 1332 1335 Gorgias
1359 1284 1531 1323 centum
1551 1294 1585 1318 20

189 1342 233 1380 et
277 1343 442 1393 septem
486 1338 718 1392 complevit
762 1353 896 1379 annos
940 1353 1078 1393 neque
1121 1353 1326 1393 umquam
1362 1339 1408 1380 in
1455 1354 1531 1381 suo

189 1397 331 1439 studio
365 1400 493 1451 atque
526 1412 653 1452 opere
686 1397 881 1439 cessavit.
937 1397 1030 1451 Qui,
1062 1412 1157 1439 cum
1191 1412 1240 1438 ex
1272 1412 1322 1439 eo
1355 1412 1531 1452 quaere-

188 1460 319 1510 retur,
350 1471 424 1498 cur
448 1459 539 1497 tam
567 1456 637 1497 diu
664 1456 795 1497 vellet
821 1470 912 1497 esse
938 1456 982 1497 in
1008 1457 1118 1497 vita:
1151 1455 1313 1497 ‘Nihil
1339 1456 1531 1511 habeo',

187 1515 346 1569 inquit,
391 1514 535 1569 ‘quod
576 1529 806 1556 accusem
850 1514 1193 1556 senectutem?
1255 1515 1530 1557 Praeclarum

187 1588 441 1629 responsum
474 1577 517 1615 et
549 1573 674 1615 docto
707 1573 879 1615 homine
912 1573 1100 1629 dignum.
1160 1572 1246 1615 Sua
1278 1575 1391 1615 enim
1424 1574 1532 1616 vitia
1550 1587 1584 1613 2⁵

188 1633 440 1687 insipientes
474 1635 516 1673 et
543 1647 664 1673 suam
697 1633 867 1688 culpam
899 1632 945 1674 in
985 1634 1248 1674 senectutem
1287 1633 1531 1687 conferunt3

189 1692 302 1746 quod
345 1706 431 1733 non
473 1691 660 1733 faciebat
702 1691 757 1745 is,
800 1692 919 1733 cuius
965 1691 1090 1733 modo
1135 1691 1396 1733 mentionem
1437 1692 1530 1746 feci,

187 1751 372 1793 Ennius:

248 1808 390 1851 Sicut
415 1808 572 1850 fortis
599 1823 774 1863 equus,
806 1809 977 1863 spatio
1005 1809 1089 1863 qui
1117 1823 1266 1863 saepe
1293 1823 1528 1864 supremo

246 1867 388 1909 Vicit
409 1867 662 1922 Olympia,
687 1882 815 1909 nunc
843 1867 985 1908 senio
1011 1868 1275 1908 confectus
1297 1868 1529 1921 quiescit.
1549 1881 1582 1906 so

188 1926 301 1981 Equi
328 1926 454 1967 fortis
483 1931 526 1967 et
546 1926 721 1967 victoris
749 1926 955 1968 senectuti
980 1930 1202 1980 comparat
1223 1941 1355 1967 suam.
1394 1925 1529 1974 Quem

190 1986 360 2040 quidem
394 1985 527 2039 probe
559 1985 804 2026 meminisse
836 1985 1037 2039 potestis3
1070 1999 1181 2026 anno
1214 1985 1327 2026 enim
1358 1985 1529 2027 undevi—

190 2044 377 2087 censimo
411 2047 510 2097 post
542 2044 631 2084 eius
664 2046 846 2084 mortem
882 2043 927 2084 hi
953 2044 1169 2097 consules,
1196 2042 1242 2085 T.
1262 2043 1528 2085 Flamininus

190 2106 234 2145 et
264 2103 332 2143 Μ’.
359 2102 536 2155 Acilius,
568 2102 671 2143 facti
705 2106 815 2154 sunt,
847 2102 921 2143 ille
954 2106 1096 2143 autem
1129 2101 1344 2156 Caepione
1370 2106 1413 2143 et
1432 2102 1529 2144 Phi-

188 2161 309 2216 lippo
336 2161 491 2201 iterum
515 2161 762 2202 consulibus
788 2164 983 2202 mortuus
1011 2164 1088 2214 est,
1114 2175 1208 2202 cum
1237 2175 1316 2215 ego
1343 2161 1529 2215 quinque
1549 2173 1581 2199 35

190 2222 234 2262 et
260 2220 484 2271 sexaointa
510 2234 644 2260 annos
671 2223 798 2260 natus
819 2220 958 2274 legem
979 2218 1213 2260 Voconiam
1242 2233 1401 2274 magna
1425 2233 1527 2261 voce

189 2282 233 2320 et
246 2279 370 2320 bonis
392 2278 598 2319 lateribus
614 2279 741 2320 suasi.
767 2277 850 2319 Sed
864 2292 998 2320 annos
1013 2278 1290 2333 septuaginta
1302 2282 1430 2320 natus
1443 2277 1529 2329 (tot
