<?xml version="1.0" encoding="UTF-8"?>
<!DOCTYPE html PUBLIC "-//W3C//DTD XHTML 1.0 Transitional//EN"
    "http://www.w3.org/TR/xhtml1/DTD/xhtml1-transitional.dtd">
<html xmlns="http://www.w3.org/1999/xhtml" xml:lang="en" lang="en">
 <head>
  <title>
</title>
<meta http-equiv="Content-Type" content="text/html;charset=utf-8" />
  <meta name='ocr-system' content='tesseract 3.04.00' />
  <meta name='ocr-capabilities' content='ocr_page ocr_carea ocr_par ocr_line ocrx_word'/>
</head>
<body>
  <div class='ocr_page' id='page_1' title='image "./p3scriptaquaemanse04ciceuoft_0221.png"; bbox 0 0 1663 2490; ppageno 0'>
   <div class='ocr_carea' id='block_1_1' title="bbox 497 95 1429 138">
    <p class='ocr_par' dir='ltr' id='par_1_1' title="bbox 497 95 1429 138">
     <span class='ocr_line' id='line_1_1' title="bbox 497 95 1429 138; baseline 0.009 -8"><span class='ocrx_word' id='word_1_1' title='bbox 497 95 597 130; x_wconf 80' lang='lat' dir='ltr'><strong>cAP.</strong></span> <span class='ocrx_word' id='word_1_2' title='bbox 627 99 763 131; x_wconf 82' lang='lat'>16—18</span> <span class='ocrx_word' id='word_1_3' title='bbox 823 99 843 138; x_wconf 69' lang='lat'>5</span> <span class='ocrx_word' id='word_1_4' title='bbox 868 99 1019 131; x_wconf 79' lang='lat'><strong>56—63.</strong></span> <span class='ocrx_word' id='word_1_5' title='bbox 1347 98 1429 138; x_wconf 83' lang='lat'><strong>153</strong></span> 
     </span>
    </p>
   </div>
   <div class='ocr_carea' id='block_1_2' title="bbox 33 202 1499 2371">
    <p class='ocr_par' dir='ltr' id='par_1_2' title="bbox 88 202 1499 433">
     <span class='ocr_line' id='line_1_2' title="bbox 89 202 1429 258; baseline 0 -13"><span class='ocrx_word' id='word_1_6' title='bbox 89 203 281 258; x_wconf 82' lang='lat' dir='ltr'><strong>eorporis</strong></span> <span class='ocrx_word' id='word_1_7' title='bbox 314 204 597 256; x_wconf 87' lang='lat' dir='ltr'><strong>ornatumque</strong></span> <span class='ocrx_word' id='word_1_8' title='bbox 628 202 846 244; x_wconf 88' lang='lat' dir='ltr'><strong>Persicum</strong></span> <span class='ocrx_word' id='word_1_9' title='bbox 878 202 1016 244; x_wconf 90' lang='lat' dir='ltr'><strong>multo</strong></span> <span class='ocrx_word' id='word_1_10' title='bbox 1055 217 1158 245; x_wconf 87' lang='lat' dir='ltr'><strong>auro</strong></span> <span class='ocrx_word' id='word_1_11' title='bbox 1197 204 1429 257; x_wconf 85' lang='lat' dir='ltr'><strong>multisque</strong></span> 
     </span>
     <span class='ocr_line' id='line_1_3' title="bbox 90 259 1429 317; baseline 0 -14"><span class='ocrx_word' id='word_1_12' title='bbox 90 261 270 317; x_wconf 86' lang='lat' dir='ltr'><strong>gemmis</strong></span> <span class='ocrx_word' id='word_1_13' title='bbox 321 260 496 302; x_wconf 84' lang='lat' dir='ltr'><strong>dixisse:</strong></span> <span class='ocrx_word' id='word_1_14' title='bbox 554 260 691 302; x_wconf 78' lang='lat' dir='ltr'><strong>‘Rite</strong></span> <span class='ocrx_word' id='word_1_15' title='bbox 741 275 859 303; x_wconf 85' lang='lat' dir='ltr'><strong>vero</strong></span> <span class='ocrx_word' id='word_1_16' title='bbox 908 263 975 315; x_wconf 86' lang='lat' dir='ltr'><strong>te,</strong></span> <span class='ocrx_word' id='word_1_17' title='bbox 1026 259 1170 316; x_wconf 86' lang='lat' dir='ltr'><strong>Cyre,</strong></span> <span class='ocrx_word' id='word_1_18' title='bbox 1224 262 1429 304; x_wconf 88' lang='lat' dir='ltr'><strong>beatum</strong></span> 
     </span>
     <span class='ocr_line' id='line_1_4' title="bbox 88 318 1429 373; baseline 0.001 -13"><span class='ocrx_word' id='word_1_19' title='bbox 88 320 279 372; x_wconf 88' lang='lat' dir='ltr'><strong>ferunt,</strong></span> <span class='ocrx_word' id='word_1_20' title='bbox 307 319 546 373; x_wconf 87' lang='lat' dir='ltr'><strong>quoniam</strong></span> <span class='ocrx_word' id='word_1_21' title='bbox 571 320 759 361; x_wconf 83' lang='lat' dir='ltr'><strong>virtuti</strong></span> <span class='ocrx_word' id='word_1_22' title='bbox 785 322 902 361; x_wconf 90' lang='lat' dir='ltr'><strong>tuae</strong></span> <span class='ocrx_word' id='word_1_23' title='bbox 927 318 1137 361; x_wconf 88' lang='lat' dir='ltr'><strong>fortuna</strong></span> <span class='ocrx_word' id='word_1_24' title='bbox 1157 320 1429 362; x_wconf 84' lang='lat' dir='ltr'><strong>coniuncta</strong></span> 
     </span>
     <span class='ocr_line' id='line_1_5' title="bbox 89 377 1499 433; baseline 0.001 -13"><span class='ocrx_word' id='word_1_25' title='bbox 89 377 193 420; x_wconf 89' lang='lat' dir='ltr'><strong>est.&#39;</strong></span> <span class='ocrx_word' id='word_1_26' title='bbox 244 377 336 419; x_wconf 87' lang='lat' dir='ltr'><strong>Hac</strong></span> <span class='ocrx_word' id='word_1_27' title='bbox 368 377 503 433; x_wconf 86' lang='lat' dir='ltr'><strong>igitur</strong></span> <span class='ocrx_word' id='word_1_28' title='bbox 533 377 709 419; x_wconf 85' lang='lat' dir='ltr'><strong>fortuna</strong></span> <span class='ocrx_word' id='word_1_29' title='bbox 739 377 824 419; x_wconf 82' lang='lat' dir='ltr'><strong>frui</strong></span> <span class='ocrx_word' id='word_1_30' title='bbox 857 378 957 420; x_wconf 88' lang='lat' dir='ltr'><strong>licet</strong></span> <span class='ocrx_word' id='word_1_31' title='bbox 985 378 1170 432; x_wconf 82' lang='lat' dir='ltr'>senibus,</span> <span class='ocrx_word' id='word_1_32' title='bbox 1201 393 1278 420; x_wconf 84' lang='lat' dir='ltr'><strong>nee</strong></span> <span class='ocrx_word' id='word_1_33' title='bbox 1310 382 1428 420; x_wconf 87' lang='lat' dir='ltr'><strong>aetas</strong></span> <span class='ocrx_word' id='word_1_34' title='bbox 1455 391 1499 422; x_wconf 84' lang='lat'><strong>60</strong></span> 
     </span>
    </p>

    <p class='ocr_par' dir='ltr' id='par_1_3' title="bbox 54 436 1431 726">
     <span class='ocr_line' id='line_1_6' title="bbox 54 436 1429 492; baseline 0.003 -18"><span class='ocrx_word' id='word_1_35' title='bbox 54 449 69 474; x_wconf 88' lang='lat'>5</span> <span class='ocrx_word' id='word_1_36' title='bbox 89 436 285 492; x_wconf 86' lang='lat' dir='ltr'><strong>impedit,</strong></span> <span class='ocrx_word' id='word_1_37' title='bbox 321 450 403 490; x_wconf 92' lang='lat' dir='ltr'><strong>quo</strong></span> <span class='ocrx_word' id='word_1_38' title='bbox 437 436 578 478; x_wconf 87' lang='lat' dir='ltr'><strong>minus</strong></span> <span class='ocrx_word' id='word_1_39' title='bbox 611 439 654 477; x_wconf 89' lang='lat' dir='ltr'><strong>et</strong></span> <span class='ocrx_word' id='word_1_40' title='bbox 685 439 924 479; x_wconf 86' lang='lat' dir='ltr'><strong>ceterarum</strong></span> <span class='ocrx_word' id='word_1_41' title='bbox 955 451 1098 478; x_wconf 89' lang='lat' dir='ltr'><strong>rerum</strong></span> <span class='ocrx_word' id='word_1_42' title='bbox 1130 440 1172 478; x_wconf 92' lang='lat' dir='ltr'><strong>et</strong></span> <span class='ocrx_word' id='word_1_43' title='bbox 1203 437 1247 478; x_wconf 85' lang='lat' dir='ltr'><strong>in</strong></span> <span class='ocrx_word' id='word_1_44' title='bbox 1279 437 1429 492; x_wconf 89' lang='lat' dir='ltr'><strong>primis</strong></span> 
     </span>
     <span class='ocr_line' id='line_1_7' title="bbox 89 494 1431 550; baseline 0 -13"><span class='ocrx_word' id='word_1_45' title='bbox 89 495 182 550; x_wconf 84' lang='lat' dir='ltr'><strong>agri</strong></span> <span class='ocrx_word' id='word_1_46' title='bbox 214 494 380 537; x_wconf 87' lang='lat' dir='ltr'><strong>colendi</strong></span> <span class='ocrx_word' id='word_1_47' title='bbox 412 495 555 536; x_wconf 85' lang='lat' dir='ltr'><strong>studia</strong></span> <span class='ocrx_word' id='word_1_48' title='bbox 587 497 809 537; x_wconf 75' lang='lat' dir='ltr'>teneamus</span> <span class='ocrx_word' id='word_1_49' title='bbox 840 510 974 550; x_wconf 87' lang='lat' dir='ltr'><strong>usque</strong></span> <span class='ocrx_word' id='word_1_50' title='bbox 1006 495 1060 537; x_wconf 89' lang='lat' dir='ltr'><strong>ad</strong></span> <span class='ocrx_word' id='word_1_51' title='bbox 1090 495 1291 537; x_wconf 90' lang='lat' dir='ltr'><strong>ultimum</strong></span> <span class='ocrx_word' id='word_1_52' title='bbox 1326 498 1431 537; x_wconf 90' lang='lat' dir='ltr'><strong>tem-</strong></span> 
     </span>
     <span class='ocr_line' id='line_1_8' title="bbox 88 553 1418 609; baseline 0.002 -15"><span class='ocrx_word' id='word_1_53' title='bbox 88 568 167 609; x_wconf 88' lang='lat' dir='ltr'><strong>pus</strong></span> <span class='ocrx_word' id='word_1_54' title='bbox 195 553 438 595; x_wconf 70' lang='lat' dir='ltr'><strong>senectutis.</strong></span> <span class='ocrx_word' id='word_1_55' title='bbox 482 553 538 595; x_wconf 91' lang='lat' dir='ltr'><strong>M.</strong></span> <span class='ocrx_word' id='word_1_56' title='bbox 565 554 736 607; x_wconf 90' lang='lat' dir='ltr'><strong>quidem</strong></span> <span class='ocrx_word' id='word_1_57' title='bbox 762 553 984 595; x_wconf 90' lang='lat' dir='ltr'><strong>Valerium</strong></span> <span class='ocrx_word' id='word_1_58' title='bbox 1011 553 1244 596; x_wconf 87' lang='lat' dir='ltr'><strong>Corvinum</strong></span> <span class='ocrx_word' id='word_1_59' title='bbox 1271 555 1418 609; x_wconf 63' lang='lat' dir='ltr'><strong>accepi⁴</strong></span> 
     </span>
     <span class='ocr_line' id='line_1_9' title="bbox 88 612 1431 668; baseline 0.001 -14"><span class='ocrx_word' id='word_1_60' title='bbox 88 626 183 654; x_wconf 90' lang='lat' dir='ltr'><strong>mus</strong></span> <span class='ocrx_word' id='word_1_61' title='bbox 210 612 263 654; x_wconf 87' lang='lat' dir='ltr'><strong>ad</strong></span> <span class='ocrx_word' id='word_1_62' title='bbox 290 612 568 654; x_wconf 89' lang='lat' dir='ltr'><strong>centesimum</strong></span> <span class='ocrx_word' id='word_1_63' title='bbox 595 627 754 653; x_wconf 85' lang='lat' dir='ltr'><strong>annum</strong></span> <span class='ocrx_word' id='word_1_64' title='bbox 780 613 1042 668; x_wconf 87' lang='lat' dir='ltr'><strong>perduxisse,</strong></span> <span class='ocrx_word' id='word_1_65' title='bbox 1073 627 1169 655; x_wconf 90' lang='lat' dir='ltr'><strong>cum</strong></span> <span class='ocrx_word' id='word_1_66' title='bbox 1196 615 1308 654; x_wconf 89' lang='lat' dir='ltr'><strong>esset</strong></span> <span class='ocrx_word' id='word_1_67' title='bbox 1334 616 1431 655; x_wconf 86' lang='lat' dir='ltr'><strong>acta</strong></span> 
     </span>
     <span class='ocr_line' id='line_1_10' title="bbox 87 671 1430 726; baseline 0 -13"><span class='ocrx_word' id='word_1_68' title='bbox 87 672 173 713; x_wconf 85' lang='lat' dir='ltr'><strong>iam</strong></span> <span class='ocrx_word' id='word_1_69' title='bbox 200 674 341 712; x_wconf 89' lang='lat' dir='ltr'><strong>aetate</strong></span> <span class='ocrx_word' id='word_1_70' title='bbox 368 671 412 712; x_wconf 89' lang='lat' dir='ltr'><strong>in</strong></span> <span class='ocrx_word' id='word_1_71' title='bbox 439 671 555 726; x_wconf 85' lang='lat' dir='ltr'><strong>agris</strong></span> <span class='ocrx_word' id='word_1_72' title='bbox 583 685 739 725; x_wconf 88' lang='lat' dir='ltr'><strong>eosque</strong></span> <span class='ocrx_word' id='word_1_73' title='bbox 766 672 942 726; x_wconf 61' lang='lat' dir='ltr'><strong>coleret-‚3</strong></span> <span class='ocrx_word' id='word_1_74' title='bbox 968 672 1086 713; x_wconf 84' lang='lat' dir='ltr'><strong>euius</strong></span> <span class='ocrx_word' id='word_1_75' title='bbox 1105 672 1218 713; x_wconf 88' lang='lat' dir='ltr'><strong>inter</strong></span> <span class='ocrx_word' id='word_1_76' title='bbox 1243 672 1430 726; x_wconf 90' lang='lat' dir='ltr'><strong>primum</strong></span> 
     </span>
    </p>

    <p class='ocr_par' dir='ltr' id='par_1_4' title="bbox 36 730 1431 1019">
     <span class='ocr_line' id='line_1_11' title="bbox 36 730 1430 785; baseline 0.002 -16"><span class='ocrx_word' id='word_1_77' title='bbox 36 743 67 767; x_wconf 89' lang='lat'><strong>10</strong></span> <span class='ocrx_word' id='word_1_78' title='bbox 88 732 131 771; x_wconf 89' lang='lat' dir='ltr'><strong>et</strong></span> <span class='ocrx_word' id='word_1_79' title='bbox 163 732 333 771; x_wconf 83' lang='lat' dir='ltr'><strong>sextum</strong></span> <span class='ocrx_word' id='word_1_80' title='bbox 364 730 636 771; x_wconf 88' lang='lat' dir='ltr'><strong>consulatum</strong></span> <span class='ocrx_word' id='word_1_81' title='bbox 669 744 742 771; x_wconf 82' lang='lat' dir='ltr'><strong>sex</strong></span> <span class='ocrx_word' id='word_1_82' title='bbox 774 733 816 771; x_wconf 87' lang='lat' dir='ltr'><strong>et</strong></span> <span class='ocrx_word' id='word_1_83' title='bbox 848 730 1135 785; x_wconf 85' lang='lat' dir='ltr'><strong>quadraginta</strong></span> <span class='ocrx_word' id='word_1_84' title='bbox 1167 731 1268 772; x_wconf 89' lang='lat' dir='ltr'><strong>anni</strong></span> <span class='ocrx_word' id='word_1_85' title='bbox 1302 731 1430 772; x_wconf 89' lang='lat' dir='ltr'><strong>inter-</strong></span> 
     </span>
     <span class='ocr_line' id='line_1_12' title="bbox 85 787 1431 843; baseline 0.001 -14"><span class='ocrx_word' id='word_1_86' title='bbox 85 788 270 830; x_wconf 88' lang='lat' dir='ltr'><strong>fuerunt.</strong></span> <span class='ocrx_word' id='word_1_87' title='bbox 333 787 419 842; x_wconf 90' lang='lat' dir='ltr'><strong>Ita,</strong></span> <span class='ocrx_word' id='word_1_88' title='bbox 464 791 672 842; x_wconf 89' lang='lat' dir='ltr'><strong>quantum</strong></span> <span class='ocrx_word' id='word_1_89' title='bbox 717 789 905 843; x_wconf 87' lang='lat' dir='ltr'><strong>spatium</strong></span> <span class='ocrx_word' id='word_1_90' title='bbox 949 789 1105 830; x_wconf 89' lang='lat' dir='ltr'><strong>aetatis</strong></span> <span class='ocrx_word' id='word_1_91' title='bbox 1149 789 1333 831; x_wconf 86' lang='lat' dir='ltr'><strong>maiores</strong></span> <span class='ocrx_word' id='word_1_92' title='bbox 1377 789 1431 831; x_wconf 89' lang='lat' dir='ltr'><strong>ad</strong></span> 
     </span>
     <span class='ocr_line' id='line_1_13' title="bbox 87 847 1429 902; baseline 0 -13"><span class='ocrx_word' id='word_1_93' title='bbox 87 847 319 889; x_wconf 71' lang='lat' dir='ltr'><strong>senectutis</strong></span> <span class='ocrx_word' id='word_1_94' title='bbox 358 847 530 888; x_wconf 89' lang='lat' dir='ltr'><strong>initium</strong></span> <span class='ocrx_word' id='word_1_95' title='bbox 572 861 663 889; x_wconf 90' lang='lat' dir='ltr'><strong>esse</strong></span> <span class='ocrx_word' id='word_1_96' title='bbox 700 848 947 902; x_wconf 81' lang='lat' dir='ltr'><strong>voluerunt,</strong></span> <span class='ocrx_word' id='word_1_97' title='bbox 990 850 1137 889; x_wconf 89' lang='lat' dir='ltr'><strong>tantus</strong></span> <span class='ocrx_word' id='word_1_98' title='bbox 1175 848 1241 888; x_wconf 93' lang='lat' dir='ltr'><strong>illi</strong></span> <span class='ocrx_word' id='word_1_99' title='bbox 1282 862 1429 890; x_wconf 88' lang='lat' dir='ltr'><strong>cursus</strong></span> 
     </span>
     <span class='ocr_line' id='line_1_14' title="bbox 86 905 1431 960; baseline 0.001 -13"><span class='ocrx_word' id='word_1_100' title='bbox 86 906 298 948; x_wconf 89' lang='lat' dir='ltr'><strong>honorum</strong></span> <span class='ocrx_word' id='word_1_101' title='bbox 324 905 424 959; x_wconf 84' lang='lat' dir='ltr'><strong>fuit3</strong></span> <span class='ocrx_word' id='word_1_102' title='bbox 457 908 585 960; x_wconf 90' lang='lat' dir='ltr'><strong>atque</strong></span> <span class='ocrx_word' id='word_1_103' title='bbox 615 906 742 947; x_wconf 91' lang='lat' dir='ltr'><strong>huius</strong></span> <span class='ocrx_word' id='word_1_104' title='bbox 774 908 965 947; x_wconf 84' lang='lat' dir='ltr'><strong>extrema</strong></span> <span class='ocrx_word' id='word_1_105' title='bbox 997 909 1115 947; x_wconf 88' lang='lat' dir='ltr'><strong>aetas</strong></span> <span class='ocrx_word' id='word_1_106' title='bbox 1148 906 1229 948; x_wconf 89' lang='lat' dir='ltr'><strong>hoc</strong></span> <span class='ocrx_word' id='word_1_107' title='bbox 1264 907 1431 948; x_wconf 87' lang='lat' dir='ltr'><strong>beatior</strong></span> 
     </span>
     <span class='ocr_line' id='line_1_15' title="bbox 89 964 1429 1019; baseline 0 -13"><span class='ocrx_word' id='word_1_108' title='bbox 89 979 217 1019; x_wconf 92' lang='lat' dir='ltr'><strong>quam</strong></span> <span class='ocrx_word' id='word_1_109' title='bbox 250 964 407 1018; x_wconf 87' lang='lat' dir='ltr'><strong>media,</strong></span> <span class='ocrx_word' id='word_1_110' title='bbox 445 964 558 1018; x_wconf 92' lang='lat' dir='ltr'><strong>quod</strong></span> <span class='ocrx_word' id='word_1_111' title='bbox 591 965 862 1006; x_wconf 80' lang='lat' dir='ltr'><strong>auctoritatis</strong></span> <span class='ocrx_word' id='word_1_112' title='bbox 894 965 1084 1006; x_wconf 88' lang='lat' dir='ltr'><strong>habebat</strong></span> <span class='ocrx_word' id='word_1_113' title='bbox 1114 965 1230 1019; x_wconf 88' lang='lat' dir='ltr'><strong>plus,</strong></span> <span class='ocrx_word' id='word_1_114' title='bbox 1268 966 1429 1007; x_wconf 86' lang='lat' dir='ltr'><strong>laboris</strong></span> 
     </span>
    </p>

    <p class='ocr_par' dir='ltr' id='par_1_5' title="bbox 34 1022 1498 1312">
     <span class='ocr_line' id='line_1_16' title="bbox 34 1022 1498 1077; baseline 0.001 -14"><span class='ocrx_word' id='word_1_115' title='bbox 34 1035 66 1060; x_wconf 84' lang='lat'><strong>15</strong></span> <span class='ocrx_word' id='word_1_116' title='bbox 86 1023 245 1077; x_wconf 81' lang='lat' dir='ltr'><strong>minus3</strong></span> <span class='ocrx_word' id='word_1_117' title='bbox 283 1037 389 1077; x_wconf 84' lang='lat' dir='ltr'><strong>apex</strong></span> <span class='ocrx_word' id='word_1_118' title='bbox 422 1025 488 1063; x_wconf 87' lang='lat' dir='ltr'><strong>est</strong></span> <span class='ocrx_word' id='word_1_119' title='bbox 520 1025 662 1064; x_wconf 89' lang='lat' dir='ltr'><strong>autem</strong></span> <span class='ocrx_word' id='word_1_120' title='bbox 695 1023 925 1064; x_wconf 88' lang='lat' dir='ltr'><strong>senectutis</strong></span> <span class='ocrx_word' id='word_1_121' title='bbox 958 1023 1205 1064; x_wconf 84' lang='lat' dir='ltr'><strong>auctoritas.</strong></span> <span class='ocrx_word' id='word_1_122' title='bbox 1261 1022 1430 1072; x_wconf 82' lang='lat' dir='ltr'><strong>Quanta</strong></span> <span class='ocrx_word' id='word_1_123' title='bbox 1456 1035 1498 1066; x_wconf 84' lang='lat'><strong>61</strong></span> 
     </span>
     <span class='ocr_line' id='line_1_17' title="bbox 86 1080 1430 1139; baseline -0.001 -16"><span class='ocrx_word' id='word_1_124' title='bbox 86 1081 169 1123; x_wconf 82' lang='lat' dir='ltr'><strong>fuit</strong></span> <span class='ocrx_word' id='word_1_125' title='bbox 200 1082 244 1122; x_wconf 90' lang='lat' dir='ltr'><strong>in</strong></span> <span class='ocrx_word' id='word_1_126' title='bbox 274 1081 320 1122; x_wconf 88' lang='lat' dir='ltr'><strong>L.</strong></span> <span class='ocrx_word' id='word_1_127' title='bbox 353 1080 539 1139; x_wconf 84' lang='lat' dir='ltr'><strong>Caecilio</strong></span> <span class='ocrx_word' id='word_1_128' title='bbox 572 1081 760 1135; x_wconf 91' lang='lat' dir='ltr'><strong>Metello,</strong></span> <span class='ocrx_word' id='word_1_129' title='bbox 792 1084 954 1136; x_wconf 86' lang='lat' dir='ltr'><strong>quanta</strong></span> <span class='ocrx_word' id='word_1_130' title='bbox 984 1081 1029 1122; x_wconf 88' lang='lat' dir='ltr'><strong>in</strong></span> <span class='ocrx_word' id='word_1_131' title='bbox 1059 1082 1113 1124; x_wconf 88' lang='lat' dir='ltr'><strong>A.</strong></span> <span class='ocrx_word' id='word_1_132' title='bbox 1138 1082 1276 1123; x_wconf 89' lang='lat' dir='ltr'><strong>Atilio</strong></span> <span class='ocrx_word' id='word_1_133' title='bbox 1309 1082 1430 1124; x_wconf 83' lang='lat' dir='ltr'><strong>Cala-</strong></span> 
     </span>
     <span class='ocr_line' id='line_1_18' title="bbox 85 1139 1429 1195; baseline 0 -13"><span class='ocrx_word' id='word_1_134' title='bbox 85 1140 194 1182; x_wconf 80' lang='lat' dir='ltr'><strong>tino!</strong></span> <span class='ocrx_word' id='word_1_135' title='bbox 221 1140 267 1180; x_wconf 90' lang='lat' dir='ltr'><strong>in</strong></span> <span class='ocrx_word' id='word_1_136' title='bbox 293 1154 419 1194; x_wconf 90' lang='lat' dir='ltr'><strong>quem</strong></span> <span class='ocrx_word' id='word_1_137' title='bbox 444 1139 553 1181; x_wconf 89' lang='lat' dir='ltr'><strong>illud</strong></span> <span class='ocrx_word' id='word_1_138' title='bbox 579 1140 783 1195; x_wconf 86' lang='lat' dir='ltr'><strong>elogium:</strong></span> <span class='ocrx_word' id='word_1_139' title='bbox 812 1139 974 1182; x_wconf 76' lang='lat' dir='ltr'><strong>‘Hunc</strong></span> <span class='ocrx_word' id='word_1_140' title='bbox 999 1154 1151 1181; x_wconf 91' lang='lat' dir='ltr'><strong>unum</strong></span> <span class='ocrx_word' id='word_1_141' title='bbox 1177 1141 1429 1195; x_wconf 85' lang='lat' dir='ltr'><strong>plurimae</strong></span> 
     </span>
     <span class='ocr_line' id='line_1_19' title="bbox 87 1198 1430 1265; baseline 0 -24"><span class='ocrx_word' id='word_1_142' title='bbox 87 1199 418 1241; x_wconf 88' lang='lat' dir='ltr'><strong>consentiunt</strong></span> <span class='ocrx_word' id='word_1_143' title='bbox 462 1201 643 1254; x_wconf 84' lang='lat' dir='ltr'><strong>gentes</strong></span> <span class='ocrx_word' id='word_1_144' title='bbox 687 1199 881 1265; x_wconf 43' lang='lat' dir='ltr'><strong>populi·</strong></span> <span class='ocrx_word' id='word_1_145' title='bbox 917 1198 1218 1264; x_wconf 79' lang='lat' dir='ltr'><strong>primarium</strong></span> <span class='ocrx_word' id='word_1_146' title='bbox 1268 1199 1430 1241; x_wconf 86' lang='lat' dir='ltr'><strong>fuisse</strong></span> 
     </span>
     <span class='ocr_line' id='line_1_20' title="bbox 86 1256 1430 1312; baseline 0 -13"><span class='ocrx_word' id='word_1_147' title='bbox 86 1257 275 1299; x_wconf 63' lang='lat' dir='ltr'><strong>virum?</strong></span> <span class='ocrx_word' id='word_1_148' title='bbox 320 1256 484 1299; x_wconf 89' lang='lat' dir='ltr'><strong>Notum</strong></span> <span class='ocrx_word' id='word_1_149' title='bbox 512 1260 577 1298; x_wconf 90' lang='lat' dir='ltr'><strong>est</strong></span> <span class='ocrx_word' id='word_1_150' title='bbox 603 1272 775 1299; x_wconf 88' lang='lat' dir='ltr'><strong>carmen</strong></span> <span class='ocrx_word' id='word_1_151' title='bbox 799 1257 981 1299; x_wconf 84' lang='lat' dir='ltr'><strong>incisum</strong></span> <span class='ocrx_word' id='word_1_152' title='bbox 1006 1258 1052 1298; x_wconf 93' lang='lat' dir='ltr'><strong>in</strong></span> <span class='ocrx_word' id='word_1_153' title='bbox 1081 1258 1287 1312; x_wconf 71' lang='lat' dir='ltr'><strong>sepulcro</strong></span> <span class='ocrx_word' id='word_1_154' title='bbox 1332 1257 1430 1300; x_wconf 90' lang='lat' dir='ltr'><strong>Iure</strong></span> 
     </span>
    </p>

    <p class='ocr_par' dir='ltr' id='par_1_6' title="bbox 34 1316 1430 1606">
     <span class='ocr_line' id='line_1_21' title="bbox 34 1316 1430 1372; baseline 0.004 -19"><span class='ocrx_word' id='word_1_155' title='bbox 34 1329 67 1353; x_wconf 82' lang='lat'><strong>20</strong></span> <span class='ocrx_word' id='word_1_156' title='bbox 85 1316 221 1372; x_wconf 83' lang='lat' dir='ltr'><strong>igitur</strong></span> <span class='ocrx_word' id='word_1_157' title='bbox 253 1316 417 1371; x_wconf 81' lang='lat' dir='ltr'><strong>gravis,</strong></span> <span class='ocrx_word' id='word_1_158' title='bbox 456 1316 574 1358; x_wconf 90' lang='lat' dir='ltr'><strong>cuius</strong></span> <span class='ocrx_word' id='word_1_159' title='bbox 614 1316 662 1357; x_wconf 90' lang='lat' dir='ltr'><strong>de</strong></span> <span class='ocrx_word' id='word_1_160' title='bbox 701 1316 900 1357; x_wconf 87' lang='lat' dir='ltr'><strong>laudibus</strong></span> <span class='ocrx_word' id='word_1_161' title='bbox 938 1316 1129 1357; x_wconf 89' lang='lat' dir='ltr'><strong>omnium</strong></span> <span class='ocrx_word' id='word_1_162' title='bbox 1168 1319 1281 1361; x_wconf 87' lang='lat' dir='ltr'><strong>esset</strong></span> <span class='ocrx_word' id='word_1_163' title='bbox 1311 1316 1430 1359; x_wconf 88' lang='lat' dir='ltr'><strong>fama</strong></span> 
     </span>
     <span class='ocr_line' id='line_1_22' title="bbox 87 1373 1430 1430; baseline 0 -13"><span class='ocrx_word' id='word_1_164' title='bbox 87 1375 369 1417; x_wconf 89' lang='lat' dir='ltr'><strong>consentiens.</strong></span> <span class='ocrx_word' id='word_1_165' title='bbox 425 1373 561 1424; x_wconf 86' lang='lat' dir='ltr'><strong>Quem</strong></span> <span class='ocrx_word' id='word_1_166' title='bbox 592 1375 733 1416; x_wconf 88' lang='lat' dir='ltr'><strong>virum</strong></span> <span class='ocrx_word' id='word_1_167' title='bbox 764 1390 900 1430; x_wconf 85' lang='lat' dir='ltr'><strong>nuper</strong></span> <span class='ocrx_word' id='word_1_168' title='bbox 931 1374 978 1416; x_wconf 90' lang='lat' dir='ltr'><strong>P.</strong></span> <span class='ocrx_word' id='word_1_169' title='bbox 1011 1373 1228 1429; x_wconf 82' lang='lat' dir='ltr'><strong>Crassum,</strong></span> <span class='ocrx_word' id='word_1_170' title='bbox 1259 1376 1430 1430; x_wconf 90' lang='lat' dir='ltr'><strong>pontifi-</strong></span> 
     </span>
     <span class='ocr_line' id='line_1_23' title="bbox 86 1433 1430 1489; baseline 0 -13"><span class='ocrx_word' id='word_1_171' title='bbox 86 1449 178 1476; x_wconf 90' lang='lat' dir='ltr'><strong>cem</strong></span> <span class='ocrx_word' id='word_1_172' title='bbox 204 1433 450 1488; x_wconf 85' lang='lat' dir='ltr'><strong>maximum,</strong></span> <span class='ocrx_word' id='word_1_173' title='bbox 477 1448 602 1488; x_wconf 89' lang='lat' dir='ltr'><strong>quem</strong></span> <span class='ocrx_word' id='word_1_174' title='bbox 628 1436 780 1489; x_wconf 90' lang='lat' dir='ltr'><strong>postea</strong></span> <span class='ocrx_word' id='word_1_175' title='bbox 798 1434 853 1475; x_wconf 92' lang='lat' dir='ltr'><strong>M.</strong></span> <span class='ocrx_word' id='word_1_176' title='bbox 872 1433 1094 1489; x_wconf 83' lang='lat' dir='ltr'><strong>Lepidum,</strong></span> <span class='ocrx_word' id='word_1_177' title='bbox 1120 1434 1268 1476; x_wconf 89' lang='lat' dir='ltr'><strong>eodem</strong></span> <span class='ocrx_word' id='word_1_178' title='bbox 1295 1449 1430 1476; x_wconf 87' lang='lat' dir='ltr'><strong>sacer-</strong></span> 
     </span>
     <span class='ocr_line' id='line_1_24' title="bbox 87 1491 1430 1547; baseline 0 -13"><span class='ocrx_word' id='word_1_179' title='bbox 87 1493 204 1535; x_wconf 89' lang='lat' dir='ltr'><strong>dotio</strong></span> <span class='ocrx_word' id='word_1_180' title='bbox 243 1492 504 1547; x_wconf 88' lang='lat' dir='ltr'><strong>praeditum,</strong></span> <span class='ocrx_word' id='word_1_181' title='bbox 539 1492 740 1534; x_wconf 85' lang='lat' dir='ltr'><strong>vidimus!</strong></span> <span class='ocrx_word' id='word_1_182' title='bbox 804 1491 915 1541; x_wconf 84' lang='lat' dir='ltr'><strong>Quid</strong></span> <span class='ocrx_word' id='word_1_183' title='bbox 953 1493 1003 1534; x_wconf 91' lang='lat' dir='ltr'><strong>de</strong></span> <span class='ocrx_word' id='word_1_184' title='bbox 1035 1492 1170 1534; x_wconf 87' lang='lat' dir='ltr'><strong>Paulo</strong></span> <span class='ocrx_word' id='word_1_185' title='bbox 1211 1496 1285 1534; x_wconf 90' lang='lat' dir='ltr'><strong>aut</strong></span> <span class='ocrx_word' id='word_1_186' title='bbox 1318 1493 1430 1534; x_wconf 84' lang='lat' dir='ltr'><strong>Afri-</strong></span> 
     </span>
     <span class='ocr_line' id='line_1_25' title="bbox 86 1551 1430 1606; baseline 0 -13"><span class='ocrx_word' id='word_1_187' title='bbox 86 1566 192 1594; x_wconf 86' lang='lat' dir='ltr'><strong>cano</strong></span> <span class='ocrx_word' id='word_1_188' title='bbox 231 1552 384 1605; x_wconf 88' lang='lat' dir='ltr'><strong>loquar</strong></span> <span class='ocrx_word' id='word_1_189' title='bbox 416 1553 508 1606; x_wconf 90' lang='lat' dir='ltr'><strong>aut,</strong></span> <span class='ocrx_word' id='word_1_190' title='bbox 544 1553 593 1592; x_wconf 93' lang='lat' dir='ltr'><strong>ut</strong></span> <span class='ocrx_word' id='word_1_191' title='bbox 623 1551 711 1593; x_wconf 90' lang='lat' dir='ltr'><strong>iam</strong></span> <span class='ocrx_word' id='word_1_192' title='bbox 743 1554 861 1606; x_wconf 87' lang='lat' dir='ltr'><strong>ante,</strong></span> <span class='ocrx_word' id='word_1_193' title='bbox 899 1551 949 1593; x_wconf 88' lang='lat' dir='ltr'><strong>de</strong></span> <span class='ocrx_word' id='word_1_194' title='bbox 986 1551 1206 1593; x_wconf 76' lang='lat' dir='ltr'><strong>Maximo?</strong></span> <span class='ocrx_word' id='word_1_195' title='bbox 1248 1566 1430 1606; x_wconf 88' lang='lat' dir='ltr'><strong>quorum</strong></span> 
     </span>
    </p>

    <p class='ocr_par' dir='ltr' id='par_1_7' title="bbox 33 1610 1498 1899">
     <span class='ocr_line' id='line_1_26' title="bbox 33 1610 1430 1665; baseline 0 -13"><span class='ocrx_word' id='word_1_196' title='bbox 33 1621 67 1647; x_wconf 81' lang='lat'><strong>25</strong></span> <span class='ocrx_word' id='word_1_197' title='bbox 85 1625 172 1652; x_wconf 86' lang='lat' dir='ltr'><strong>non</strong></span> <span class='ocrx_word' id='word_1_198' title='bbox 203 1610 248 1651; x_wconf 90' lang='lat' dir='ltr'><strong>in</strong></span> <span class='ocrx_word' id='word_1_199' title='bbox 280 1610 496 1651; x_wconf 88' lang='lat' dir='ltr'><strong>sententia</strong></span> <span class='ocrx_word' id='word_1_200' title='bbox 527 1610 685 1665; x_wconf 89' lang='lat' dir='ltr'><strong>solum,</strong></span> <span class='ocrx_word' id='word_1_201' title='bbox 726 1610 799 1651; x_wconf 88' lang='lat' dir='ltr'><strong>sed</strong></span> <span class='ocrx_word' id='word_1_202' title='bbox 837 1610 968 1651; x_wconf 87' lang='lat' dir='ltr'><strong>etiam</strong></span> <span class='ocrx_word' id='word_1_203' title='bbox 999 1610 1044 1651; x_wconf 92' lang='lat' dir='ltr'><strong>in</strong></span> <span class='ocrx_word' id='word_1_204' title='bbox 1074 1612 1182 1651; x_wconf 90' lang='lat' dir='ltr'><strong>nutu</strong></span> <span class='ocrx_word' id='word_1_205' title='bbox 1213 1611 1430 1652; x_wconf 86' lang='lat' dir='ltr'><strong>residebat</strong></span> 
     </span>
     <span class='ocr_line' id='line_1_27' title="bbox 87 1668 1429 1723; baseline -0.001 -12"><span class='ocrx_word' id='word_1_206' title='bbox 87 1669 333 1711; x_wconf 86' lang='lat' dir='ltr'><strong>auctoritas.</strong></span> <span class='ocrx_word' id='word_1_207' title='bbox 394 1668 540 1710; x_wconf 82' lang='lat' dir='ltr'><strong>Habet</strong></span> <span class='ocrx_word' id='word_1_208' title='bbox 571 1671 764 1711; x_wconf 87' lang='lat' dir='ltr'><strong>senectus</strong></span> <span class='ocrx_word' id='word_1_209' title='bbox 802 1668 1015 1710; x_wconf 87' lang='lat' dir='ltr'><strong>honorata</strong></span> <span class='ocrx_word' id='word_1_210' title='bbox 1046 1669 1302 1723; x_wconf 89' lang='lat' dir='ltr'><strong>praesertim</strong></span> <span class='ocrx_word' id='word_1_211' title='bbox 1336 1672 1429 1711; x_wconf 87' lang='lat' dir='ltr'><strong>tan-</strong></span> 
     </span>
     <span class='ocr_line' id='line_1_28' title="bbox 85 1727 1428 1793; baseline 0.001 -24"><span class='ocrx_word' id='word_1_212' title='bbox 85 1730 175 1770; x_wconf 89' lang='lat' dir='ltr'><strong>tam</strong></span> <span class='ocrx_word' id='word_1_213' title='bbox 207 1727 528 1781; x_wconf 83' lang='lat' dir='ltr'><strong>auctoritatem,</strong></span> <span class='ocrx_word' id='word_1_214' title='bbox 565 1730 614 1768; x_wconf 89' lang='lat' dir='ltr'><strong>ut</strong></span> <span class='ocrx_word' id='word_1_215' title='bbox 652 1742 702 1769; x_wconf 87' lang='lat' dir='ltr'><strong>ea</strong></span> <span class='ocrx_word' id='word_1_216' title='bbox 731 1727 870 1793; x_wconf 81' lang='lat' dir='ltr'><strong>pluris</strong></span> <span class='ocrx_word' id='word_1_217' title='bbox 903 1727 960 1768; x_wconf 89' lang='lat' dir='ltr'><strong>sit</strong></span> <span class='ocrx_word' id='word_1_218' title='bbox 994 1741 1120 1779; x_wconf 85' lang='lat' dir='ltr'><strong>quam</strong></span> <span class='ocrx_word' id='word_1_219' title='bbox 1153 1741 1299 1769; x_wconf 89' lang='lat' dir='ltr'><strong>omnes</strong></span> <span class='ocrx_word' id='word_1_220' title='bbox 1331 1728 1428 1770; x_wconf 87' lang='lat' dir='ltr'><strong>adu—</strong></span> 
     </span>
     <span class='ocr_line' id='line_1_29' title="bbox 85 1761 1498 1854; baseline 0.001 -27"><span class='ocrx_word' id='word_1_221' title='bbox 85 1786 315 1828; x_wconf 85' lang='lat' dir='ltr'><strong>lescentiae</strong></span> <span class='ocrx_word' id='word_1_222' title='bbox 346 1761 605 1841; x_wconf 64' lang='lat' dir='ltr'><strong>voluptates.</strong></span> <span class='ocrx_word' id='word_1_223' title='bbox 667 1784 749 1827; x_wconf 85' lang='lat' dir='ltr'><strong>Sed</strong></span> <span class='ocrx_word' id='word_1_224' title='bbox 785 1786 831 1827; x_wconf 89' lang='lat' dir='ltr'><strong>in</strong></span> <span class='ocrx_word' id='word_1_225' title='bbox 862 1787 979 1828; x_wconf 90' lang='lat' dir='ltr'><strong>omni</strong></span> <span class='ocrx_word' id='word_1_226' title='bbox 1010 1786 1204 1828; x_wconf 86' lang='lat' dir='ltr'><strong>oratione</strong></span> <span class='ocrx_word' id='word_1_227' title='bbox 1244 1801 1427 1828; x_wconf 89' lang='lat' dir='ltr'><strong>memen-</strong></span> <span class='ocrx_word' id='word_1_228' title='bbox 1445 1773 1498 1854; x_wconf 62' lang='lat'><strong>13}</strong></span> 
     </span>
     <span class='ocr_line' id='line_1_30' title="bbox 86 1844 1428 1899; baseline 0.001 -13"><span class='ocrx_word' id='word_1_229' title='bbox 86 1848 176 1887; x_wconf 88' lang='lat' dir='ltr'><strong>tote</strong></span> <span class='ocrx_word' id='word_1_230' title='bbox 215 1859 310 1886; x_wconf 89' lang='lat' dir='ltr'><strong>eam</strong></span> <span class='ocrx_word' id='word_1_231' title='bbox 347 1859 415 1886; x_wconf 86' lang='lat' dir='ltr'><strong>me</strong></span> <span class='ocrx_word' id='word_1_232' title='bbox 454 1847 717 1886; x_wconf 84' lang='lat' dir='ltr'><strong>senectutem</strong></span> <span class='ocrx_word' id='word_1_233' title='bbox 755 1844 947 1899; x_wconf 86' lang='lat' dir='ltr'><strong>laudare,</strong></span> <span class='ocrx_word' id='word_1_234' title='bbox 992 1859 1100 1899; x_wconf 91' lang='lat' dir='ltr'><strong>quae</strong></span> <span class='ocrx_word' id='word_1_235' title='bbox 1137 1844 1428 1887; x_wconf 87' lang='lat' dir='ltr'><strong>fundamentis</strong></span> 
     </span>
    </p>

    <p class='ocr_par' dir='ltr' id='par_1_8' title="bbox 34 1903 1428 2194">
     <span class='ocr_line' id='line_1_31' title="bbox 34 1903 1428 1970; baseline 0.001 -25"><span class='ocrx_word' id='word_1_236' title='bbox 34 1915 68 1941; x_wconf 78' lang='lat'><strong>³⁰</strong></span> <span class='ocrx_word' id='word_1_237' title='bbox 87 1903 400 1946; x_wconf 85' lang='lat' dir='ltr'><strong>adulescentiae</strong></span> <span class='ocrx_word' id='word_1_238' title='bbox 426 1903 664 1945; x_wconf 85' lang='lat' dir='ltr'><strong>constituta</strong></span> <span class='ocrx_word' id='word_1_239' title='bbox 689 1903 757 1945; x_wconf 90' lang='lat' dir='ltr'><strong>sit.</strong></span> <span class='ocrx_word' id='word_1_240' title='bbox 806 1903 872 1945; x_wconf 85' lang='lat' dir='ltr'><strong>Ex</strong></span> <span class='ocrx_word' id='word_1_241' title='bbox 898 1917 982 1958; x_wconf 90' lang='lat' dir='ltr'><strong>quo</strong></span> <span class='ocrx_word' id='word_1_242' title='bbox 1015 1903 1210 1958; x_wconf 87' lang='lat' dir='ltr'><strong>efficitur,</strong></span> <span class='ocrx_word' id='word_1_243' title='bbox 1240 1904 1283 1945; x_wconf 83' lang='lat' dir='ltr'><strong>id</strong></span> <span class='ocrx_word' id='word_1_244' title='bbox 1315 1904 1428 1970; x_wconf 82' lang='lat' dir='ltr'><strong>quod</strong></span> 
     </span>
     <span class='ocr_line' id='line_1_32' title="bbox 87 1962 1428 2019; baseline 0 -15"><span class='ocrx_word' id='word_1_245' title='bbox 87 1977 166 2019; x_wconf 86' lang='lat' dir='ltr'><strong>ego</strong></span> <span class='ocrx_word' id='word_1_246' title='bbox 199 1976 357 2017; x_wconf 83' lang='lat' dir='ltr'><strong>magno</strong></span> <span class='ocrx_word' id='word_1_247' title='bbox 390 1962 606 2017; x_wconf 89' lang='lat' dir='ltr'><strong>quondam</strong></span> <span class='ocrx_word' id='word_1_248' title='bbox 632 1977 728 2004; x_wconf 88' lang='lat' dir='ltr'><strong>cum</strong></span> <span class='ocrx_word' id='word_1_249' title='bbox 754 1976 931 2004; x_wconf 86' lang='lat' dir='ltr'><strong>assensu</strong></span> <span class='ocrx_word' id='word_1_250' title='bbox 958 1962 1149 2004; x_wconf 87' lang='lat' dir='ltr'><strong>omnium</strong></span> <span class='ocrx_word' id='word_1_251' title='bbox 1175 1962 1273 2017; x_wconf 85' lang='lat' dir='ltr'><strong>dixi,</strong></span> <span class='ocrx_word' id='word_1_252' title='bbox 1305 1963 1428 2005; x_wconf 89' lang='lat' dir='ltr'><strong>mise-</strong></span> 
     </span>
     <span class='ocr_line' id='line_1_33' title="bbox 85 2020 1428 2076; baseline 0.001 -14"><span class='ocrx_word' id='word_1_253' title='bbox 85 2036 179 2063; x_wconf 87' lang='lat' dir='ltr'><strong>ram</strong></span> <span class='ocrx_word' id='word_1_254' title='bbox 223 2035 315 2062; x_wconf 89' lang='lat' dir='ltr'><strong>esse</strong></span> <span class='ocrx_word' id='word_1_255' title='bbox 360 2023 641 2076; x_wconf 83' lang='lat' dir='ltr'><strong>senectutem,</strong></span> <span class='ocrx_word' id='word_1_256' title='bbox 692 2036 799 2076; x_wconf 87' lang='lat' dir='ltr'><strong>quae</strong></span> <span class='ocrx_word' id='word_1_257' title='bbox 847 2035 891 2063; x_wconf 86' lang='lat' dir='ltr'><strong>se</strong></span> <span class='ocrx_word' id='word_1_258' title='bbox 935 2021 1129 2063; x_wconf 88' lang='lat' dir='ltr'><strong>oratione</strong></span> <span class='ocrx_word' id='word_1_259' title='bbox 1173 2020 1428 2063; x_wconf 85' lang='lat' dir='ltr'><strong>defenderet.</strong></span> 
     </span>
     <span class='ocr_line' id='line_1_34' title="bbox 86 2079 1428 2135; baseline 0.001 -14"><span class='ocrx_word' id='word_1_260' title='bbox 86 2079 185 2121; x_wconf 92' lang='lat' dir='ltr'><strong>Non</strong></span> <span class='ocrx_word' id='word_1_261' title='bbox 228 2079 323 2122; x_wconf 84' lang='lat' dir='ltr'><strong>cani</strong></span> <span class='ocrx_word' id='word_1_262' title='bbox 364 2094 442 2121; x_wconf 84' lang='lat' dir='ltr'><strong>nec</strong></span> <span class='ocrx_word' id='word_1_263' title='bbox 484 2094 618 2135; x_wconf 82' lang='lat' dir='ltr'><strong>rugae</strong></span> <span class='ocrx_word' id='word_1_264' title='bbox 663 2082 838 2135; x_wconf 86' lang='lat' dir='ltr'><strong>repente</strong></span> <span class='ocrx_word' id='word_1_265' title='bbox 889 2079 1191 2122; x_wconf 86' lang='lat' dir='ltr'><strong>auctoritatem</strong></span> <span class='ocrx_word' id='word_1_266' title='bbox 1241 2080 1428 2135; x_wconf 85' lang='lat' dir='ltr'><strong>arripere</strong></span> 
     </span>
     <span class='ocr_line' id='line_1_35' title="bbox 86 2138 1428 2194; baseline 0 -14"><span class='ocrx_word' id='word_1_267' title='bbox 86 2141 279 2193; x_wconf 88' lang='lat' dir='ltr'><strong>possunt,</strong></span> <span class='ocrx_word' id='word_1_268' title='bbox 311 2138 385 2180; x_wconf 88' lang='lat' dir='ltr'><strong>sed</strong></span> <span class='ocrx_word' id='word_1_269' title='bbox 415 2138 595 2180; x_wconf 87' lang='lat' dir='ltr'><strong>honeste</strong></span> <span class='ocrx_word' id='word_1_270' title='bbox 628 2141 724 2181; x_wconf 90' lang='lat' dir='ltr'><strong>acta</strong></span> <span class='ocrx_word' id='word_1_271' title='bbox 756 2138 949 2194; x_wconf 88' lang='lat' dir='ltr'><strong>superior</strong></span> <span class='ocrx_word' id='word_1_272' title='bbox 978 2140 1097 2180; x_wconf 90' lang='lat' dir='ltr'><strong>aetas</strong></span> <span class='ocrx_word' id='word_1_273' title='bbox 1121 2138 1286 2180; x_wconf 85' lang='lat' dir='ltr'><strong>fructus</strong></span> <span class='ocrx_word' id='word_1_274' title='bbox 1313 2139 1428 2194; x_wconf 86' lang='lat' dir='ltr'><strong>capit</strong></span> 
     </span>
    </p>

    <p class='ocr_par' dir='ltr' id='par_1_9' title="bbox 33 2196 1496 2371">
     <span class='ocr_line' id='line_1_36' title="bbox 33 2196 1496 2252; baseline 0.001 -14"><span class='ocrx_word' id='word_1_275' title='bbox 33 2208 67 2234; x_wconf 76' lang='lat'><strong>35</strong></span> <span class='ocrx_word' id='word_1_276' title='bbox 88 2197 359 2239; x_wconf 88' lang='lat' dir='ltr'><strong>auctoritatis</strong></span> <span class='ocrx_word' id='word_1_277' title='bbox 398 2199 623 2239; x_wconf 87' lang='lat' dir='ltr'><strong>extremos.</strong></span> <span class='ocrx_word' id='word_1_278' title='bbox 683 2196 803 2239; x_wconf 87' lang='lat' dir='ltr'><strong>Haec</strong></span> <span class='ocrx_word' id='word_1_279' title='bbox 840 2197 953 2239; x_wconf 88' lang='lat' dir='ltr'><strong>enim</strong></span> <span class='ocrx_word' id='word_1_280' title='bbox 989 2197 1087 2252; x_wconf 90' lang='lat' dir='ltr'><strong>ipsa</strong></span> <span class='ocrx_word' id='word_1_281' title='bbox 1117 2200 1217 2239; x_wconf 88' lang='lat' dir='ltr'><strong>sunt</strong></span> <span class='ocrx_word' id='word_1_282' title='bbox 1247 2197 1428 2239; x_wconf 88' lang='lat' dir='ltr'><strong>honora·</strong></span> <span class='ocrx_word' id='word_1_283' title='bbox 1455 2208 1496 2240; x_wconf 83' lang='grc'><strong>63</strong></span> 
     </span>
     <span class='ocr_line' id='line_1_37' title="bbox 87 2256 1427 2311; baseline 0.001 -15"><span class='ocrx_word' id='word_1_284' title='bbox 87 2256 210 2309; x_wconf 86' lang='lat' dir='ltr'><strong>bilia,</strong></span> <span class='ocrx_word' id='word_1_285' title='bbox 249 2270 355 2311; x_wconf 88' lang='lat' dir='ltr'><strong>quae</strong></span> <span class='ocrx_word' id='word_1_286' title='bbox 393 2256 592 2298; x_wconf 84' lang='lat' dir='ltr'><strong>videntur</strong></span> <span class='ocrx_word' id='word_1_287' title='bbox 628 2256 740 2298; x_wconf 86' lang='lat' dir='ltr'><strong>levia</strong></span> <span class='ocrx_word' id='word_1_288' title='bbox 772 2259 900 2311; x_wconf 89' lang='lat' dir='ltr'><strong>atque</strong></span> <span class='ocrx_word' id='word_1_289' title='bbox 938 2256 1198 2310; x_wconf 85' lang='lat' dir='ltr'><strong>communia,</strong></span> <span class='ocrx_word' id='word_1_290' title='bbox 1235 2257 1427 2311; x_wconf 84' lang='lat' dir='ltr'><strong>salutari,</strong></span> 
     </span>
     <span class='ocr_line' id='line_1_38' title="bbox 89 2314 1427 2371; baseline 0.001 -16"><span class='ocrx_word' id='word_1_291' title='bbox 89 2314 253 2369; x_wconf 84' lang='lat' dir='ltr'><strong>adpeti,</strong></span> <span class='ocrx_word' id='word_1_292' title='bbox 291 2314 452 2370; x_wconf 86' lang='lat' dir='ltr'><strong>decedi,</strong></span> <span class='ocrx_word' id='word_1_293' title='bbox 483 2315 677 2371; x_wconf 86' lang='lat' dir='ltr'><strong>adsurgi,</strong></span> <span class='ocrx_word' id='word_1_294' title='bbox 709 2315 875 2370; x_wconf 86' lang='lat' dir='ltr'><strong>deduci,</strong></span> <span class='ocrx_word' id='word_1_295' title='bbox 906 2314 1067 2371; x_wconf 87' lang='lat' dir='ltr'><strong>reduci,</strong></span> <span class='ocrx_word' id='word_1_296' title='bbox 1098 2315 1282 2370; x_wconf 83' lang='lat' dir='ltr'><strong>consuli3</strong></span> <span class='ocrx_word' id='word_1_297' title='bbox 1320 2330 1427 2370; x_wconf 85' lang='lat' dir='ltr'><strong>quae</strong></span> 
     </span>
    </p>
   </div>
  </div>
 </body>
</html>
