1673 2505
461 75 758 112 ORATIONUM.
785 76 826 112 A.
853 75 903 121 IX
928 80 1054 111 4—10.
1340 77 1426 119 263

146 185 254 226 linae
278 184 399 237 eqisse
423 196 514 225 eum
538 184 669 226 videri
691 184 778 225 vult
800 183 1037 233 Fenestella,
1063 196 1145 233 cur,
1173 196 1265 224 cum
1289 197 1428 236 quam-

143 243 206 284 vis
235 242 342 283 male
371 243 571 283 existimet
601 243 648 284 de
678 256 803 284 causa
830 242 959 292 Illuci,
992 244 1126 282 tamen
1156 242 1194 282 ei
1224 243 1430 294 exprobret

137 301 418 354 patrocinium
453 314 592 352 suum,
634 314 717 342 non
753 302 858 342 idem
895 301 941 342 in
978 299 1162 342 Catilina
1202 300 1349 352 faciat,
1392 302 1429 342 si

144 359 261 400 modo
296 372 375 411 pro
418 372 460 400 eo
502 358 637 400 dixit?
681 362 755 400 aut
795 373 868 400 cur
908 360 1044 412 ipsum
1085 359 1192 400 illud
1231 359 1429 400 iudicium

52 435 68 461 ε
144 417 305 470 saepius
329 417 375 458 in
401 417 621 469 infamiam
645 418 786 459 vocat?
813 418 920 470 qnod
934 418 1105 470 parcius
1122 418 1279 459 videtur
1301 418 1429 469 fnisse

143 476 346 528 facturus,
384 476 421 517 si
451 477 496 517 in
527 489 569 518 eo
600 476 749 517 iudicio
779 477 922 527 fuisset
943 479 1159 529 patronus.
1219 476 1355 528 Atque
1384 481 1431 518 ut

145 534 232 575 alia
263 534 464 587 omittam,
495 534 566 575 hoc
596 537 696 575 certe
725 535 794 576 vix
823 535 982 576 videtur
1013 536 1195 576 dicturus
1223 535 1362 588 fuisse,
1393 536 1430 577 si

145 592 216 634 illo
239 595 416 645 patrono
449 591 632 634 Catilina
662 594 976 645 repetundarum
1007 593 1213 635 absolutus
1243 597 1361 635 esset:

177 651 213 692 7.
252 649 421 705 Stupris
466 665 511 692 se
555 651 754 692 omnibus
799 666 847 693 ac
890 651 1068 706 flagitiis
1108 652 1429 705 contaminavit,

37 727 70 753 ιο
89 709 212 751 caede
243 709 409 750 nefaria
440 710 698 765 cruentavit,
736 709 913 764 diripuit
946 710 1101 764 socios,
1133 711 1270 766 leges,
1303 725 1429 765 quae-

88 768 268 822 stiones,
299 768 455 809 iudicia
488 768 679 810 violavit.

176 830 214 868 et
234 830 400 880 postea:

178 886 215 927 8.
248 884 358 933 Quid
390 899 482 941 ego,
514 888 562 927 ut
593 885 822 927 violaveris
849 885 1126 940 provinciam,
1158 886 1430 941 praedicem?

88 959 189 985 nam
221 946 269 985 ut
301 946 344 985 te
375 944 466 986 illio
499 945 700 999 gesseris,
740 959 827 985 non
860 944 993 986 audeo
1033 944 1187 999 dicere,
1229 945 1431 999 quoniam

0 1021 1 1028 ¹
37 1021 70 1047 15
90 1003 314 1044 absolutus
348 1018 403 1044 es,
463 1003 670 1044 Mentitos
704 1018 795 1044 esse
829 1003 993 1057 equites
1026 1002 1266 1057 Romanos,
1297 1004 1431 1045 falsas

0 1068 1 1074 ’
88 1061 221 1103 fuisse
253 1062 438 1103 tabellas
471 1062 802 1103 honestissimae
835 1061 1024 1102 civitatis
1064 1062 1281 1116 existimo,
1319 1077 1432 1104 men-

89 1121 218 1162 titum
251 1119 298 1169 Q.
330 1120 554 1161 Metellum
586 1120 728 1172 Pium,
766 1120 992 1161 mentitam
1024 1119 1237 1174 Africam3
1275 1120 1432 1162 vidisse

91 1179 206 1221 aliud
231 1179 374 1221 neseio
402 1179 503 1234 quid
527 1179 627 1221 illos
653 1179 824 1233 iudices,
857 1178 930 1233 qui
955 1181 998 1219 te
1026 1178 1298 1220 innocentem
1329 1179 1433 1220 iudi-

91 1241 252 1280 carunt.
315 1237 349 1279 O
382 1238 529 1292 miser,
562 1238 634 1292 qui
665 1253 752 1279 non
784 1238 944 1279 sentias
976 1237 1053 1278 illo
1085 1237 1240 1279 iudicio
1273 1240 1316 1279 te
1348 1253 1433 1280 non

38 1315 72 1340 20
92 1297 356 1351 absolutum,
400 1311 546 1338 verum
591 1297 645 1338 ad
689 1296 863 1351 aliquod
908 1296 1096 1337 severius
1140 1296 1343 1338 iudicium
1386 1312 1434 1338 ae

95 1356 232 1397 maius
266 1355 526 1410 supplicium
557 1357 839 1405 reservatum!

246 1415 392 1457 Verine
421 1428 513 1467 eryo
543 1415 675 1456 simile
705 1417 762 1456 est
789 1414 884 1455 leaec
915 1427 1005 1455 eum
1037 1413 1241 1456 Catilinae
1275 1414 1434 1464 obicere,

149 1474 187 1515 si
229 1474 301 1516 illo
343 1473 574 1526 defendente
615 1473 823 1515 absolutus
865 1476 992 1514 esset?
1052 1472 1269 1514 Praeterea
1309 1476 1437 1514 movet

149 1546 223 1583 me,
249 1533 366 1586 quod,
397 1546 488 1573 cum
511 1532 595 1574 sint
619 1532 898 1573 commentarii
918 1530 1123 1572 Ciceronis
1147 1545 1288 1572 earum
1314 1532 1436 1572 etiam

41 1607 74 1633 25
151 1591 429 1644 defensionum
454 1623 462 1632 .
490 1623 499 1632 .
525 1622 534 1632 .
561 1623 569 1632 .
596 1591 930 1632 commentarium
958 1593 1033 1631 aut
1053 1590 1321 1643 principium.
1365 1590 1437 1631 Ita

152 1649 305 1704 [quod]
337 1650 488 1691 iudicio
525 1652 583 1691 est
617 1649 822 1691 absolutus
853 1648 1052 1699 Catilina,
1090 1652 1137 1690 ut
1167 1648 1336 1690 Clodius
1372 1649 1436 1690 in-

149 1709 278 1760 famis
305 1708 434 1760 fuerit
464 1708 771 1761 praevaricatus
807 1721 908 1757 esse;
945 1721 1045 1748 nam
1076 1711 1114 1748 et
1141 1708 1299 1749 reiectio
1331 1708 1436 1749 iudi-

154 1781 244 1808 cum
275 1768 332 1808 ad
360 1767 578 1808 arbitrium
609 1767 671 1808 rei
700 1767 908 1808 videbatur
938 1779 1019 1807 esse
1046 1766 1170 1818 facta,

182 1825 220 1867 9.
239 1825 454 1880 Populum
475 1840 588 1879 vero,
613 1840 709 1867 cum
728 1825 997 1879 inspectante
1017 1826 1175 1879 populo
1197 1825 1356 1866 collum
1377 1838 1438 1865 se-

42 1900 76 1926 so
95 1884 182 1927 cuit
201 1884 388 1926 hominis
411 1884 595 1925 maxime
615 1884 848 1939 popularis,
869 1883 1019 1937 quanti
1038 1883 1211 1937 faceret,
1238 1883 1437 1924 ostendit.

240 1943 440 1985 Diximus
475 1946 514 1984 et
539 1943 668 1996 paulo
705 1946 800 1984 ante
835 1956 964 1983 manu
993 1942 1114 1984 M‘ari
1145 1945 1267 1995 caput
1296 1941 1438 1984 Catili-

155 2015 255 2044 nam
278 2015 355 2055 per
385 2002 524 2043 urbem
555 2002 703 2044 tulisse.

186 2061 251 2102 10.
283 2060 353 2102 Me
386 2075 470 2115 qua
502 2060 691 2102 amentia
728 2060 927 2101 inductus
961 2059 1018 2100 sit
1048 2061 1097 2100 ut
1135 2061 1439 2113 contemneret,

96 2120 356 2161 constituere
380 2134 467 2161 non
492 2134 681 2174 possum.
726 2117 884 2160 Utrum
912 2132 1045 2172 aequo
1073 2117 1216 2160 animo
1249 2118 1439 2159 laturum

43 2193 77 2220 35
96 2178 293 2232 putavit?
361 2178 422 2219 At
467 2178 513 2219 in
557 2192 633 2220 suo
683 2177 1023 2220 familiarissimo
1066 2177 1233 2218 viderat
1276 2192 1344 2218 me
1387 2191 1440 2218 ne

97 2236 279 2279 aliorum
310 2238 470 2290 quidem
500 2236 679 2279 iniurias
713 2236 985 2278 mediocriter
1016 2250 1142 2290 posse
1173 2236 1298 2277 ferre.

241 2296 516 2349 Manifestum
547 2299 605 2339 est
635 2296 677 2339 C.
718 2296 881 2338 Verrem
910 2295 1150 2349 siyniftcari.
