<?xml version="1.0" encoding="UTF-8"?>
<!DOCTYPE html PUBLIC "-//W3C//DTD XHTML 1.0 Transitional//EN"
    "http://www.w3.org/TR/xhtml1/DTD/xhtml1-transitional.dtd">
<html xmlns="http://www.w3.org/1999/xhtml" xml:lang="en" lang="en">
 <head>
  <title>
</title>
<meta http-equiv="Content-Type" content="text/html;charset=utf-8" />
  <meta name='ocr-system' content='tesseract 3.04.00' />
  <meta name='ocr-capabilities' content='ocr_page ocr_carea ocr_par ocr_line ocrx_word'/>
</head>
<body>
  <div class='ocr_page' id='page_1' title='image "./p3scriptaquaemanse04ciceuoft_0114.png"; bbox 0 0 1663 2490; ppageno 0'>
   <div class='ocr_carea' id='block_1_1' title="bbox 147 691 211 721">
    <p class='ocr_par' dir='ltr' id='par_1_1' title="bbox 147 691 211 721">
     <span class='ocr_line' id='line_1_1' title="bbox 147 691 211 721; baseline 0.016 -1"><span class='ocrx_word' id='word_1_1' title='bbox 147 691 211 721; x_wconf 61' lang='lat'>134</span> 
     </span>
    </p>
   </div>
   <div class='ocr_carea' id='block_1_2' title="bbox 143 1336 209 1368">
    <p class='ocr_par' dir='ltr' id='par_1_2' title="bbox 143 1336 209 1368">
     <span class='ocr_line' id='line_1_2' title="bbox 143 1336 209 1368; baseline 0 -1"><span class='ocrx_word' id='word_1_2' title='bbox 143 1336 209 1368; x_wconf 87' lang='lat'>135</span> 
     </span>
    </p>
   </div>
   <div class='ocr_carea' id='block_1_3' title="bbox 141 1836 207 1919">
    <p class='ocr_par' dir='ltr' id='par_1_3' title="bbox 141 1836 207 1919">
     <span class='ocr_line' id='line_1_3' title="bbox 141 1836 195 1878; baseline -0.019 0"><span class='ocrx_word' id='word_1_3' title='bbox 141 1836 195 1878; x_wconf 81' lang='lat'>38</span> 
     </span>
     <span class='ocr_line' id='line_1_4' title="bbox 142 1888 207 1919; baseline 0 0"><span class='ocrx_word' id='word_1_4' title='bbox 142 1888 207 1919; x_wconf 79' lang='lat'>136</span> 
     </span>
    </p>
   </div>
   <div class='ocr_carea' id='block_1_4' title="bbox 214 45 1028 85">
    <p class='ocr_par' dir='ltr' id='par_1_4' title="bbox 214 45 1028 85">
     <span class='ocr_line' id='line_1_5' title="bbox 214 45 1028 85; baseline 0.001 -7"><span class='ocrx_word' id='word_1_5' title='bbox 214 46 271 85; x_wconf 82' lang='grc'>46</span> <span class='ocrx_word' id='word_1_6' title='bbox 739 45 803 79; x_wconf 84' lang='lat' dir='ltr'>DE</span> <span class='ocrx_word' id='word_1_7' title='bbox 829 45 888 80; x_wconf 86' lang='lat' dir='ltr'>OF</span> <span class='ocrx_word' id='word_1_8' title='bbox 891 45 1028 80; x_wconf 81' lang='lat' dir='ltr'>FICIIS</span> 
     </span>
    </p>
   </div>
   <div class='ocr_carea' id='block_1_5' title="bbox 211 153 1554 1264">
    <p class='ocr_par' dir='ltr' id='par_1_5' title="bbox 211 153 1554 1264">
     <span class='ocr_line' id='line_1_6' title="bbox 214 153 1554 208; baseline 0.001 -14"><span class='ocrx_word' id='word_1_9' title='bbox 214 153 279 194; x_wconf 87' lang='lat' dir='ltr'>uti</span> <span class='ocrx_word' id='word_1_10' title='bbox 309 153 459 208; x_wconf 84' lang='lat' dir='ltr'>lingua</span> <span class='ocrx_word' id='word_1_11' title='bbox 490 153 645 195; x_wconf 88' lang='lat' dir='ltr'>Latina</span> <span class='ocrx_word' id='word_1_12' title='bbox 675 154 956 208; x_wconf 82' lang='lat' dir='ltr'>putabantur3</span> <span class='ocrx_word' id='word_1_13' title='bbox 995 167 1123 194; x_wconf 87' lang='lat' dir='ltr'>sonus</span> <span class='ocrx_word' id='word_1_14' title='bbox 1162 156 1254 195; x_wconf 87' lang='lat' dir='ltr'>erat</span> <span class='ocrx_word' id='word_1_15' title='bbox 1292 154 1444 207; x_wconf 90' lang='lat' dir='ltr'>dulcis,</span> <span class='ocrx_word' id='word_1_16' title='bbox 1486 154 1554 196; x_wconf 88' lang='lat' dir='ltr'>lit-</span> 
     </span>
     <span class='ocr_line' id='line_1_7' title="bbox 215 213 1554 267; baseline 0.001 -15"><span class='ocrx_word' id='word_1_17' title='bbox 215 214 331 252; x_wconf 84' lang='lat' dir='ltr'>terae</span> <span class='ocrx_word' id='word_1_18' title='bbox 362 227 498 266; x_wconf 89' lang='lat' dir='ltr'>neque</span> <span class='ocrx_word' id='word_1_19' title='bbox 530 226 754 267; x_wconf 77' lang='lat' dir='ltr'>expressae</span> <span class='ocrx_word' id='word_1_20' title='bbox 779 226 915 266; x_wconf 88' lang='lat' dir='ltr'>neque</span> <span class='ocrx_word' id='word_1_21' title='bbox 942 226 1183 266; x_wconf 80' lang='lat' dir='ltr'>oppressae,</span> <span class='ocrx_word' id='word_1_22' title='bbox 1214 227 1267 253; x_wconf 91' lang='lat' dir='ltr'>ne</span> <span class='ocrx_word' id='word_1_23' title='bbox 1300 216 1374 254; x_wconf 86' lang='lat' dir='ltr'>aut</span> <span class='ocrx_word' id='word_1_24' title='bbox 1406 213 1554 255; x_wconf 89' lang='lat' dir='ltr'>obscu-</span> 
     </span>
     <span class='ocr_line' id='line_1_8' title="bbox 214 270 1554 326; baseline 0.002 -16"><span class='ocrx_word' id='word_1_25' title='bbox 214 284 309 311; x_wconf 89' lang='lat' dir='ltr'>rum</span> <span class='ocrx_word' id='word_1_26' title='bbox 354 273 466 312; x_wconf 84' lang='lat' dir='ltr'>esset</span> <span class='ocrx_word' id='word_1_27' title='bbox 510 273 584 312; x_wconf 90' lang='lat' dir='ltr'>aut</span> <span class='ocrx_word' id='word_1_28' title='bbox 633 270 846 326; x_wconf 69' lang='lat' dir='ltr'>putidum,</span> <span class='ocrx_word' id='word_1_29' title='bbox 896 270 986 311; x_wconf 90' lang='lat' dir='ltr'>sine</span> <span class='ocrx_word' id='word_1_30' title='bbox 1035 271 1307 312; x_wconf 75' lang='lat' dir='ltr'>contentione</span> <span class='ocrx_word' id='word_1_31' title='bbox 1351 285 1434 312; x_wconf 84' lang='lat' dir='ltr'>vox</span> <span class='ocrx_word' id='word_1_32' title='bbox 1476 286 1554 313; x_wconf 89' lang='grc'>1166</span> 
     </span>
     <span class='ocr_line' id='line_1_9' title="bbox 215 326 1554 384; baseline 0.001 -14"><span class='ocrx_word' id='word_1_33' title='bbox 215 329 422 384; x_wconf 81' lang='lat' dir='ltr'>languens</span> <span class='ocrx_word' id='word_1_34' title='bbox 462 343 539 370; x_wconf 88' lang='lat' dir='ltr'>nec</span> <span class='ocrx_word' id='word_1_35' title='bbox 577 343 744 370; x_wconf 86' lang='lat' dir='ltr'>canora.</span> <span class='ocrx_word' id='word_1_36' title='bbox 767 326 785 328; x_wconf 54' lang='grc'>”</span> <span class='ocrx_word' id='word_1_37' title='bbox 805 328 990 370; x_wconf 90' lang='lat' dir='ltr'>Uberior</span> <span class='ocrx_word' id='word_1_38' title='bbox 1027 330 1165 370; x_wconf 87' lang='lat' dir='ltr'>oratio</span> <span class='ocrx_word' id='word_1_39' title='bbox 1205 329 1249 370; x_wconf 91' lang='lat' dir='ltr'>L.</span> <span class='ocrx_word' id='word_1_40' title='bbox 1288 328 1435 370; x_wconf 83' lang='lat' dir='ltr'>Crassi</span> <span class='ocrx_word' id='word_1_41' title='bbox 1476 344 1554 372; x_wconf 92' lang='grc'>1166</span> 
     </span>
     <span class='ocr_line' id='line_1_10' title="bbox 215 386 1554 442; baseline 0.001 -14"><span class='ocrx_word' id='word_1_42' title='bbox 215 387 355 428; x_wconf 91' lang='lat' dir='ltr'>minus</span> <span class='ocrx_word' id='word_1_43' title='bbox 380 387 532 440; x_wconf 86' lang='lat' dir='ltr'>faceta,</span> <span class='ocrx_word' id='word_1_44' title='bbox 564 387 636 429; x_wconf 87' lang='lat' dir='ltr'>sed</span> <span class='ocrx_word' id='word_1_45' title='bbox 663 388 770 429; x_wconf 87' lang='lat' dir='ltr'>bene</span> <span class='ocrx_word' id='word_1_46' title='bbox 796 387 998 441; x_wconf 87' lang='lat' dir='ltr'>loquendi</span> <span class='ocrx_word' id='word_1_47' title='bbox 1024 387 1074 428; x_wconf 91' lang='lat' dir='ltr'>de</span> <span class='ocrx_word' id='word_1_48' title='bbox 1101 386 1265 429; x_wconf 89' lang='lat' dir='ltr'>Catulis</span> <span class='ocrx_word' id='word_1_49' title='bbox 1293 388 1436 442; x_wconf 91' lang='lat' dir='ltr'>opinio</span> <span class='ocrx_word' id='word_1_50' title='bbox 1468 403 1554 430; x_wconf 90' lang='lat' dir='ltr'>non</span> 
     </span>
     <span class='ocr_line' id='line_1_11' title="bbox 214 444 1553 501; baseline 0.001 -15"><span class='ocrx_word' id='word_1_51' title='bbox 214 446 364 487; x_wconf 88' lang='lat' dir='ltr'>minor.</span> <span class='ocrx_word' id='word_1_52' title='bbox 432 446 529 488; x_wconf 83' lang='lat' dir='ltr'>Sale</span> <span class='ocrx_word' id='word_1_53' title='bbox 573 460 673 487; x_wconf 87' lang='lat' dir='ltr'>vero</span> <span class='ocrx_word' id='word_1_54' title='bbox 717 448 761 487; x_wconf 84' lang='lat' dir='ltr'>et</span> <span class='ocrx_word' id='word_1_55' title='bbox 803 446 969 487; x_wconf 85' lang='lat' dir='ltr'>facetiis</span> <span class='ocrx_word' id='word_1_56' title='bbox 1011 444 1185 500; x_wconf 86' lang='lat' dir='ltr'>Caesar,</span> <span class='ocrx_word' id='word_1_57' title='bbox 1230 445 1374 487; x_wconf 78' lang='lat' dir='ltr'>Catuli</span> <span class='ocrx_word' id='word_1_58' title='bbox 1416 447 1553 501; x_wconf 86' lang='lat' dir='ltr'>patris</span> 
     </span>
     <span class='ocr_line' id='line_1_12' title="bbox 213 504 1554 560; baseline 0.001 -15"><span class='ocrx_word' id='word_1_59' title='bbox 213 504 364 557; x_wconf 76' lang='lat' dir='ltr'>frater,</span> <span class='ocrx_word' id='word_1_60' title='bbox 407 505 510 546; x_wconf 88' lang='lat' dir='ltr'>vicit</span> <span class='ocrx_word' id='word_1_61' title='bbox 555 519 719 558; x_wconf 88' lang='lat' dir='ltr'>omnes,</span> <span class='ocrx_word' id='word_1_62' title='bbox 763 507 811 545; x_wconf 88' lang='lat' dir='ltr'>ut</span> <span class='ocrx_word' id='word_1_63' title='bbox 853 505 898 545; x_wconf 88' lang='lat' dir='ltr'>in</span> <span class='ocrx_word' id='word_1_64' title='bbox 940 504 1017 545; x_wconf 86' lang='lat' dir='ltr'>illo</span> <span class='ocrx_word' id='word_1_65' title='bbox 1062 505 1156 559; x_wconf 90' lang='lat' dir='ltr'>ipso</span> <span class='ocrx_word' id='word_1_66' title='bbox 1200 504 1361 546; x_wconf 88' lang='lat' dir='ltr'>forensi</span> <span class='ocrx_word' id='word_1_67' title='bbox 1399 519 1554 560; x_wconf 84' lang='lat' dir='ltr'>genere</span> 
     </span>
     <span class='ocr_line' id='line_1_13' title="bbox 215 562 1554 605; baseline 0.001 -2"><span class='ocrx_word' id='word_1_68' title='bbox 215 562 378 604; x_wconf 84' lang='lat' dir='ltr'>dicendi</span> <span class='ocrx_word' id='word_1_69' title='bbox 422 564 716 605; x_wconf 85' lang='lat' dir='ltr'>contentiones</span> <span class='ocrx_word' id='word_1_70' title='bbox 761 564 942 604; x_wconf 90' lang='lat' dir='ltr'>aliorum</span> <span class='ocrx_word' id='word_1_71' title='bbox 988 577 1183 605; x_wconf 86' lang='lat' dir='ltr'>sermone</span> <span class='ocrx_word' id='word_1_72' title='bbox 1229 564 1429 605; x_wconf 82' lang='lat' dir='ltr'>vinceret.</span> <span class='ocrx_word' id='word_1_73' title='bbox 1502 563 1554 605; x_wconf 86' lang='lat' dir='ltr'>In</span> 
     </span>
     <span class='ocr_line' id='line_1_14' title="bbox 214 622 1553 677; baseline 0.001 -15"><span class='ocrx_word' id='word_1_74' title='bbox 214 622 412 663; x_wconf 89' lang='lat' dir='ltr'>omnibus</span> <span class='ocrx_word' id='word_1_75' title='bbox 451 622 584 677; x_wconf 79' lang='lat' dir='ltr'>igitur</span> <span class='ocrx_word' id='word_1_76' title='bbox 621 622 689 663; x_wconf 92' lang='lat' dir='ltr'>his</span> <span class='ocrx_word' id='word_1_77' title='bbox 727 622 1033 663; x_wconf 85' lang='lat' dir='ltr'>elaborandum</span> <span class='ocrx_word' id='word_1_78' title='bbox 1072 625 1154 674; x_wconf 87' lang='lat' dir='ltr'>est,</span> <span class='ocrx_word' id='word_1_79' title='bbox 1197 622 1233 663; x_wconf 89' lang='lat' dir='ltr'>si</span> <span class='ocrx_word' id='word_1_80' title='bbox 1270 623 1314 663; x_wconf 89' lang='lat' dir='ltr'>in</span> <span class='ocrx_word' id='word_1_81' title='bbox 1353 623 1471 664; x_wconf 80' lang='lat' dir='ltr'>omni</span> <span class='ocrx_word' id='word_1_82' title='bbox 1507 637 1553 664; x_wconf 90' lang='lat' dir='ltr'>re</span> 
     </span>
     <span class='ocr_line' id='line_1_15' title="bbox 232 678 1550 736; baseline 0.002 -15"><span class='ocrx_word' id='word_1_83' title='bbox 232 680 333 734; x_wconf 89' lang='lat' dir='ltr'>quid</span> <span class='ocrx_word' id='word_1_84' title='bbox 365 681 512 722; x_wconf 83' lang='lat' dir='ltr'>deceat</span> <span class='ocrx_word' id='word_1_85' title='bbox 544 681 815 735; x_wconf 82' lang='lat' dir='ltr'>exquirimus.</span> <span class='ocrx_word' id='word_1_86' title='bbox 873 678 938 721; x_wconf 79' lang='lat' dir='ltr'>Sit</span> <span class='ocrx_word' id='word_1_87' title='bbox 970 695 1072 736; x_wconf 80' lang='lat' dir='ltr'>ergo</span> <span class='ocrx_word' id='word_1_88' title='bbox 1105 680 1174 722; x_wconf 89' lang='lat' dir='ltr'>hic</span> <span class='ocrx_word' id='word_1_89' title='bbox 1207 695 1358 735; x_wconf 86' lang='lat' dir='ltr'>sermo,</span> <span class='ocrx_word' id='word_1_90' title='bbox 1390 682 1435 722; x_wconf 90' lang='lat' dir='ltr'>in</span> <span class='ocrx_word' id='word_1_91' title='bbox 1468 696 1550 735; x_wconf 91' lang='lat' dir='ltr'>quo</span> 
     </span>
     <span class='ocr_line' id='line_1_16' title="bbox 215 737 1553 794; baseline 0 -14"><span class='ocrx_word' id='word_1_92' title='bbox 215 737 420 781; x_wconf 77' lang='lat' dir='ltr'>Socratici</span> <span class='ocrx_word' id='word_1_93' title='bbox 452 740 636 781; x_wconf 79' lang='lat' dir='ltr'>maxime</span> <span class='ocrx_word' id='word_1_94' title='bbox 670 740 894 793; x_wconf 85' lang='lat' dir='ltr'>excellunt,</span> <span class='ocrx_word' id='word_1_95' title='bbox 925 739 1034 780; x_wconf 88' lang='lat' dir='ltr'>lenis</span> <span class='ocrx_word' id='word_1_96' title='bbox 1061 739 1318 794; x_wconf 87' lang='lat' dir='ltr'>minimeque</span> <span class='ocrx_word' id='word_1_97' title='bbox 1344 740 1553 794; x_wconf 82' lang='lat' dir='ltr'>pertinax,</span> 
     </span>
     <span class='ocr_line' id='line_1_17' title="bbox 214 797 1553 854; baseline 0.001 -16"><span class='ocrx_word' id='word_1_98' title='bbox 214 798 317 838; x_wconf 90' lang='lat' dir='ltr'>insit</span> <span class='ocrx_word' id='word_1_99' title='bbox 343 799 386 839; x_wconf 91' lang='lat' dir='ltr'>in</span> <span class='ocrx_word' id='word_1_100' title='bbox 413 813 462 839; x_wconf 90' lang='lat' dir='ltr'>eo</span> <span class='ocrx_word' id='word_1_101' title='bbox 490 799 627 854; x_wconf 85' lang='lat' dir='ltr'>lepos3</span> <span class='ocrx_word' id='word_1_102' title='bbox 657 812 735 840; x_wconf 90' lang='grc'>1166</span> <span class='ocrx_word' id='word_1_103' title='bbox 766 813 880 851; x_wconf 86' lang='lat' dir='ltr'>vero,</span> <span class='ocrx_word' id='word_1_104' title='bbox 912 801 1133 852; x_wconf 76' lang='lat' dir='ltr'>tamquam</span> <span class='ocrx_word' id='word_1_105' title='bbox 1165 797 1210 839; x_wconf 89' lang='lat' dir='ltr'>in</span> <span class='ocrx_word' id='word_1_106' title='bbox 1238 799 1553 853; x_wconf 88' lang='lat' dir='ltr'>possessionem</span> 
     </span>
     <span class='ocr_line' id='line_1_18' title="bbox 214 856 1554 911; baseline 0.001 -14"><span class='ocrx_word' id='word_1_107' title='bbox 214 871 335 898; x_wconf 90' lang='lat' dir='ltr'>suam</span> <span class='ocrx_word' id='word_1_108' title='bbox 361 857 539 911; x_wconf 83' lang='lat' dir='ltr'>venerit,</span> <span class='ocrx_word' id='word_1_109' title='bbox 565 857 762 899; x_wconf 88' lang='lat' dir='ltr'>excludat</span> <span class='ocrx_word' id='word_1_110' title='bbox 788 857 907 910; x_wconf 84' lang='lat' dir='ltr'>alios,</span> <span class='ocrx_word' id='word_1_111' title='bbox 934 857 1007 898; x_wconf 88' lang='lat' dir='ltr'>sed</span> <span class='ocrx_word' id='word_1_112' title='bbox 1034 871 1129 898; x_wconf 89' lang='lat' dir='ltr'>cum</span> <span class='ocrx_word' id='word_1_113' title='bbox 1155 856 1331 911; x_wconf 90' lang='lat' dir='ltr'>reliquis</span> <span class='ocrx_word' id='word_1_114' title='bbox 1351 857 1396 898; x_wconf 90' lang='lat' dir='ltr'>in</span> <span class='ocrx_word' id='word_1_115' title='bbox 1415 858 1554 911; x_wconf 88' lang='lat' dir='ltr'>rebus,</span> 
     </span>
     <span class='ocr_line' id='line_1_19' title="bbox 213 915 1553 970; baseline 0.001 -14"><span class='ocrx_word' id='word_1_116' title='bbox 213 919 305 956; x_wconf 89' lang='lat' dir='ltr'>tum</span> <span class='ocrx_word' id='word_1_117' title='bbox 337 915 382 957; x_wconf 91' lang='lat' dir='ltr'>in</span> <span class='ocrx_word' id='word_1_118' title='bbox 413 930 608 957; x_wconf 88' lang='grc'>3611110116</span> <span class='ocrx_word' id='word_1_119' title='bbox 641 916 855 957; x_wconf 90' lang='lat' dir='ltr'>communi</span> <span class='ocrx_word' id='word_1_120' title='bbox 886 915 1224 957; x_wconf 87' lang='lat' dir='ltr'>vicissitudinem</span> <span class='ocrx_word' id='word_1_121' title='bbox 1250 929 1336 956; x_wconf 88' lang='lat' dir='ltr'>non</span> <span class='ocrx_word' id='word_1_122' title='bbox 1361 916 1553 970; x_wconf 88' lang='lat' dir='ltr'>iniquam</span> 
     </span>
     <span class='ocr_line' id='line_1_20' title="bbox 214 974 1552 1030; baseline 0 -15"><span class='ocrx_word' id='word_1_123' title='bbox 214 977 354 1028; x_wconf 79' lang='lat' dir='ltr'>putet3</span> <span class='ocrx_word' id='word_1_124' title='bbox 386 989 435 1016; x_wconf 88' lang='lat' dir='ltr'>ac</span> <span class='ocrx_word' id='word_1_125' title='bbox 460 975 603 1016; x_wconf 87' lang='lat' dir='ltr'>videat</span> <span class='ocrx_word' id='word_1_126' title='bbox 631 975 676 1016; x_wconf 89' lang='lat' dir='ltr'>in</span> <span class='ocrx_word' id='word_1_127' title='bbox 707 975 870 1030; x_wconf 85' lang='lat' dir='ltr'>primis,</span> <span class='ocrx_word' id='word_1_128' title='bbox 903 974 1057 1029; x_wconf 89' lang='lat' dir='ltr'>quibus</span> <span class='ocrx_word' id='word_1_129' title='bbox 1091 974 1141 1015; x_wconf 91' lang='lat' dir='ltr'>de</span> <span class='ocrx_word' id='word_1_130' title='bbox 1172 974 1299 1015; x_wconf 91' lang='lat' dir='ltr'>rebus</span> <span class='ocrx_word' id='word_1_131' title='bbox 1332 975 1552 1029; x_wconf 59' lang='lat' dir='ltr'>loquatur,</span> 
     </span>
     <span class='ocr_line' id='line_1_21' title="bbox 213 1033 1554 1087; baseline 0.001 -13"><span class='ocrx_word' id='word_1_132' title='bbox 213 1034 248 1074; x_wconf 90' lang='lat' dir='ltr'>si</span> <span class='ocrx_word' id='word_1_133' title='bbox 281 1033 415 1086; x_wconf 88' lang='grc'>361113,</span> <span class='ocrx_word' id='word_1_134' title='bbox 447 1034 722 1075; x_wconf 75' lang='lat' dir='ltr'>severitatem</span> <span class='ocrx_word' id='word_1_135' title='bbox 754 1033 968 1087; x_wconf 87' lang='lat' dir='ltr'>adhibeat,</span> <span class='ocrx_word' id='word_1_136' title='bbox 1001 1033 1036 1074; x_wconf 91' lang='lat' dir='ltr'>si</span> <span class='ocrx_word' id='word_1_137' title='bbox 1069 1033 1235 1086; x_wconf 89' lang='lat' dir='ltr'>iocosis,</span> <span class='ocrx_word' id='word_1_138' title='bbox 1268 1034 1474 1087; x_wconf 81' lang='lat' dir='ltr'>leporem3</span> <span class='ocrx_word' id='word_1_139' title='bbox 1510 1034 1554 1075; x_wconf 86' lang='lat' dir='ltr'>in</span> 
     </span>
     <span class='ocr_line' id='line_1_22' title="bbox 211 1091 1554 1147; baseline 0.001 -15"><span class='ocrx_word' id='word_1_140' title='bbox 211 1093 445 1146; x_wconf 79' lang='lat' dir='ltr'>piimisque</span> <span class='ocrx_word' id='word_1_141' title='bbox 478 1093 718 1147; x_wconf 86' lang='lat' dir='ltr'>provideat,</span> <span class='ocrx_word' id='word_1_142' title='bbox 748 1107 801 1134; x_wconf 89' lang='lat' dir='ltr'>ne</span> <span class='ocrx_word' id='word_1_143' title='bbox 834 1107 973 1133; x_wconf 86' lang='lat' dir='ltr'>sermo</span> <span class='ocrx_word' id='word_1_144' title='bbox 1006 1092 1159 1133; x_wconf 88' lang='lat' dir='ltr'>vitium</span> <span class='ocrx_word' id='word_1_145' title='bbox 1192 1091 1366 1145; x_wconf 84' lang='lat' dir='ltr'>aliquod</span> <span class='ocrx_word' id='word_1_146' title='bbox 1397 1092 1554 1134; x_wconf 86' lang='lat' dir='ltr'>indicet</span> 
     </span>
     <span class='ocr_line' id='line_1_23' title="bbox 212 1151 1553 1205; baseline 0 -13"><span class='ocrx_word' id='word_1_147' title='bbox 212 1152 350 1192; x_wconf 88' lang='lat' dir='ltr'>inesse</span> <span class='ocrx_word' id='word_1_148' title='bbox 388 1151 431 1191; x_wconf 90' lang='lat' dir='ltr'>in</span> <span class='ocrx_word' id='word_1_149' title='bbox 470 1152 679 1204; x_wconf 81' lang='lat' dir='ltr'>moribus3</span> <span class='ocrx_word' id='word_1_150' title='bbox 721 1151 834 1205; x_wconf 88' lang='lat' dir='ltr'>quod</span> <span class='ocrx_word' id='word_1_151' title='bbox 871 1165 1068 1192; x_wconf 77' lang='lat' dir='ltr'>maxume</span> <span class='ocrx_word' id='word_1_152' title='bbox 1105 1153 1198 1192; x_wconf 89' lang='lat' dir='ltr'>tum</span> <span class='ocrx_word' id='word_1_153' title='bbox 1231 1151 1341 1191; x_wconf 89' lang='lat' dir='ltr'>solet</span> <span class='ocrx_word' id='word_1_154' title='bbox 1373 1151 1553 1204; x_wconf 88' lang='lat' dir='ltr'>evenire,</span> 
     </span>
     <span class='ocr_line' id='line_1_24' title="bbox 213 1209 1552 1264; baseline 0 -13"><span class='ocrx_word' id='word_1_155' title='bbox 213 1224 308 1251; x_wconf 87' lang='lat' dir='ltr'>cum</span> <span class='ocrx_word' id='word_1_156' title='bbox 341 1210 530 1251; x_wconf 87' lang='lat' dir='ltr'>studiose</span> <span class='ocrx_word' id='word_1_157' title='bbox 563 1209 613 1251; x_wconf 88' lang='lat' dir='ltr'>de</span> <span class='ocrx_word' id='word_1_158' title='bbox 645 1210 895 1251; x_wconf 79' lang='lat' dir='ltr'>absentibus</span> <span class='ocrx_word' id='word_1_159' title='bbox 929 1209 1179 1250; x_wconf 86' lang='lat' dir='ltr'>detrahendi</span> <span class='ocrx_word' id='word_1_160' title='bbox 1211 1224 1339 1250; x_wconf 86' lang='lat' dir='ltr'>causa</span> <span class='ocrx_word' id='word_1_161' title='bbox 1371 1212 1446 1250; x_wconf 91' lang='lat' dir='ltr'>aut</span> <span class='ocrx_word' id='word_1_162' title='bbox 1476 1224 1552 1264; x_wconf 91' lang='lat' dir='ltr'>per</span> 
     </span>
    </p>
   </div>
   <div class='ocr_carea' id='block_1_6' title="bbox 212 1267 1586 1322">
    <p class='ocr_par' dir='ltr' id='par_1_6' title="bbox 212 1267 1586 1322">
     <span class='ocr_line' id='line_1_25' title="bbox 212 1267 1586 1322; baseline 0 -13"><span class='ocrx_word' id='word_1_163' title='bbox 212 1268 439 1310; x_wconf 88' lang='lat' dir='ltr'>ridiculum</span> <span class='ocrx_word' id='word_1_164' title='bbox 465 1271 539 1309; x_wconf 86' lang='lat' dir='ltr'>aut</span> <span class='ocrx_word' id='word_1_165' title='bbox 566 1283 709 1310; x_wconf 87' lang='lat' dir='ltr'>severe</span> <span class='ocrx_word' id='word_1_166' title='bbox 735 1269 940 1310; x_wconf 84' lang='lat' dir='ltr'>maledice</span> <span class='ocrx_word' id='word_1_167' title='bbox 966 1267 1358 1322; x_wconf 70' lang='lat' dir='ltr'>contumelioseque</span> <span class='ocrx_word' id='word_1_168' title='bbox 1384 1269 1550 1310; x_wconf 88' lang='lat' dir='ltr'>dicitur.</span> <span class='ocrx_word' id='word_1_169' title='bbox 1573 1282 1586 1304; x_wconf 76' lang='lat'><strong>2</strong></span> 
     </span>
    </p>
   </div>
   <div class='ocr_carea' id='block_1_7' title="bbox 208 1326 1552 2324">
    <p class='ocr_par' dir='ltr' id='par_1_7' title="bbox 210 1326 1552 1839">
     <span class='ocr_line' id='line_1_26' title="bbox 230 1326 1551 1382; baseline 0 -14"><span class='ocrx_word' id='word_1_170' title='bbox 230 1326 458 1368; x_wconf 84' lang='lat' dir='ltr'>Habentur</span> <span class='ocrx_word' id='word_1_171' title='bbox 495 1330 639 1368; x_wconf 87' lang='lat' dir='ltr'>autem</span> <span class='ocrx_word' id='word_1_172' title='bbox 676 1328 928 1382; x_wconf 89' lang='lat' dir='ltr'>plerumque</span> <span class='ocrx_word' id='word_1_173' title='bbox 966 1341 1183 1368; x_wconf 86' lang='lat' dir='ltr'>sermones</span> <span class='ocrx_word' id='word_1_174' title='bbox 1221 1330 1296 1368; x_wconf 87' lang='lat' dir='ltr'>aut</span> <span class='ocrx_word' id='word_1_175' title='bbox 1331 1327 1380 1368; x_wconf 87' lang='lat' dir='ltr'>de</span> <span class='ocrx_word' id='word_1_176' title='bbox 1413 1327 1551 1368; x_wconf 89' lang='lat' dir='ltr'>dome-</span> 
     </span>
     <span class='ocr_line' id='line_1_27' title="bbox 213 1385 1551 1441; baseline 0 -14"><span class='ocrx_word' id='word_1_177' title='bbox 213 1386 332 1427; x_wconf 88' lang='lat' dir='ltr'>sticis</span> <span class='ocrx_word' id='word_1_178' title='bbox 363 1387 550 1441; x_wconf 84' lang='lat' dir='ltr'>negotiis</span> <span class='ocrx_word' id='word_1_179' title='bbox 583 1389 657 1427; x_wconf 88' lang='lat' dir='ltr'>aut</span> <span class='ocrx_word' id='word_1_180' title='bbox 689 1386 739 1428; x_wconf 89' lang='lat' dir='ltr'>de</span> <span class='ocrx_word' id='word_1_181' title='bbox 765 1401 809 1427; x_wconf 88' lang='lat' dir='ltr'>re</span> <span class='ocrx_word' id='word_1_182' title='bbox 836 1386 1010 1441; x_wconf 85' lang='lat' dir='ltr'>publica</span> <span class='ocrx_word' id='word_1_183' title='bbox 1035 1388 1110 1427; x_wconf 88' lang='lat' dir='ltr'>aut</span> <span class='ocrx_word' id='word_1_184' title='bbox 1137 1385 1186 1426; x_wconf 89' lang='lat' dir='ltr'>de</span> <span class='ocrx_word' id='word_1_185' title='bbox 1214 1386 1372 1426; x_wconf 87' lang='lat' dir='ltr'>artium</span> <span class='ocrx_word' id='word_1_186' title='bbox 1398 1386 1551 1427; x_wconf 90' lang='lat' dir='ltr'>studiis</span> 
     </span>
     <span class='ocr_line' id='line_1_28' title="bbox 213 1444 1552 1500; baseline -0.001 -14"><span class='ocrx_word' id='word_1_187' title='bbox 213 1448 341 1499; x_wconf 87' lang='lat' dir='ltr'>atque</span> <span class='ocrx_word' id='word_1_188' title='bbox 373 1444 578 1486; x_wconf 87' lang='lat' dir='ltr'>doctrina.</span> <span class='ocrx_word' id='word_1_189' title='bbox 640 1444 793 1486; x_wconf 86' lang='lat' dir='ltr'>Danda</span> <span class='ocrx_word' id='word_1_190' title='bbox 823 1445 958 1500; x_wconf 81' lang='lat' dir='ltr'>igitur</span> <span class='ocrx_word' id='word_1_191' title='bbox 989 1459 1119 1499; x_wconf 87' lang='lat' dir='ltr'>opera</span> <span class='ocrx_word' id='word_1_192' title='bbox 1157 1447 1240 1498; x_wconf 89' lang='lat' dir='ltr'>est,</span> <span class='ocrx_word' id='word_1_193' title='bbox 1278 1446 1341 1497; x_wconf 92' lang='lat' dir='ltr'>ut,</span> <span class='ocrx_word' id='word_1_194' title='bbox 1382 1445 1552 1486; x_wconf 87' lang='lat' dir='ltr'>etiamsi</span> 
     </span>
     <span class='ocr_line' id='line_1_29' title="bbox 213 1503 1551 1558; baseline 0 -14"><span class='ocrx_word' id='word_1_195' title='bbox 213 1504 412 1545; x_wconf 85' lang='lat' dir='ltr'>aberrare</span> <span class='ocrx_word' id='word_1_196' title='bbox 450 1504 503 1545; x_wconf 88' lang='lat' dir='ltr'>ad</span> <span class='ocrx_word' id='word_1_197' title='bbox 542 1504 628 1545; x_wconf 88' lang='lat' dir='ltr'>alia</span> <span class='ocrx_word' id='word_1_198' title='bbox 665 1504 869 1558; x_wconf 88' lang='lat' dir='ltr'>coeperit,</span> <span class='ocrx_word' id='word_1_199' title='bbox 907 1503 960 1545; x_wconf 90' lang='lat' dir='ltr'>ad</span> <span class='ocrx_word' id='word_1_200' title='bbox 998 1503 1103 1545; x_wconf 89' lang='lat' dir='ltr'>haec</span> <span class='ocrx_word' id='word_1_201' title='bbox 1140 1507 1363 1545; x_wconf 87' lang='lat' dir='ltr'>revocetur</span> <span class='ocrx_word' id='word_1_202' title='bbox 1401 1505 1551 1557; x_wconf 88' lang='lat' dir='ltr'>oratio,</span> 
     </span>
     <span class='ocr_line' id='line_1_30' title="bbox 213 1562 1550 1616; baseline 0 -12"><span class='ocrx_word' id='word_1_203' title='bbox 213 1562 285 1604; x_wconf 87' lang='lat' dir='ltr'>sed</span> <span class='ocrx_word' id='word_1_204' title='bbox 323 1565 552 1616; x_wconf 88' lang='lat' dir='ltr'>utcumque</span> <span class='ocrx_word' id='word_1_205' title='bbox 591 1563 789 1616; x_wconf 72' lang='lat' dir='ltr'>aderunt,</span> <span class='ocrx_word' id='word_1_206' title='bbox 830 1576 966 1616; x_wconf 89' lang='lat' dir='ltr'>neque</span> <span class='ocrx_word' id='word_1_207' title='bbox 1012 1563 1124 1603; x_wconf 88' lang='lat' dir='ltr'>enim</span> <span class='ocrx_word' id='word_1_208' title='bbox 1164 1562 1298 1603; x_wconf 86' lang='lat' dir='ltr'>isdem</span> <span class='ocrx_word' id='word_1_209' title='bbox 1337 1562 1386 1603; x_wconf 91' lang='lat' dir='ltr'>de</span> <span class='ocrx_word' id='word_1_210' title='bbox 1424 1562 1550 1604; x_wconf 88' lang='lat' dir='ltr'>rebus</span> 
     </span>
     <span class='ocr_line' id='line_1_31' title="bbox 210 1620 1551 1676; baseline 0.001 -14"><span class='ocrx_word' id='word_1_211' title='bbox 210 1635 288 1663; x_wconf 88' lang='lat' dir='ltr'>nec</span> <span class='ocrx_word' id='word_1_212' title='bbox 320 1622 435 1663; x_wconf 87' lang='lat' dir='ltr'>omni</span> <span class='ocrx_word' id='word_1_213' title='bbox 468 1624 661 1676; x_wconf 89' lang='lat' dir='ltr'>tempore</span> <span class='ocrx_word' id='word_1_214' title='bbox 692 1636 770 1663; x_wconf 89' lang='grc'>1166</span> <span class='ocrx_word' id='word_1_215' title='bbox 802 1621 1001 1662; x_wconf 84' lang='lat' dir='ltr'>similiter</span> <span class='ocrx_word' id='word_1_216' title='bbox 1028 1621 1299 1663; x_wconf 81' lang='lat' dir='ltr'>delectamur.</span> <span class='ocrx_word' id='word_1_217' title='bbox 1348 1620 1551 1663; x_wconf 82' lang='lat' dir='ltr'>Animad-</span> 
     </span>
     <span class='ocr_line' id='line_1_32' title="bbox 210 1679 1550 1734; baseline 0.001 -13"><span class='ocrx_word' id='word_1_218' title='bbox 210 1680 462 1721; x_wconf 87' lang='lat' dir='ltr'>vertendum</span> <span class='ocrx_word' id='word_1_219' title='bbox 500 1683 566 1722; x_wconf 89' lang='lat' dir='ltr'>est</span> <span class='ocrx_word' id='word_1_220' title='bbox 604 1681 751 1734; x_wconf 87' lang='lat' dir='ltr'>etiam,</span> <span class='ocrx_word' id='word_1_221' title='bbox 796 1683 1004 1734; x_wconf 90' lang='lat' dir='ltr'>quatenus</span> <span class='ocrx_word' id='word_1_222' title='bbox 1045 1694 1183 1721; x_wconf 89' lang='lat' dir='ltr'>sermo</span> <span class='ocrx_word' id='word_1_223' title='bbox 1224 1679 1550 1722; x_wconf 86' lang='lat' dir='ltr'>delectationem</span> 
     </span>
     <span class='ocr_line' id='line_1_33' title="bbox 211 1738 1547 1794; baseline -0.001 -14"><span class='ocrx_word' id='word_1_224' title='bbox 211 1739 382 1792; x_wconf 88' lang='lat' dir='ltr'>habeat,</span> <span class='ocrx_word' id='word_1_225' title='bbox 415 1742 468 1792; x_wconf 88' lang='lat' dir='ltr'>et,</span> <span class='ocrx_word' id='word_1_226' title='bbox 500 1742 548 1780; x_wconf 87' lang='lat' dir='ltr'>ut</span> <span class='ocrx_word' id='word_1_227' title='bbox 579 1739 808 1794; x_wconf 86' lang='lat' dir='ltr'>incipiendi</span> <span class='ocrx_word' id='word_1_228' title='bbox 839 1739 950 1780; x_wconf 87' lang='lat' dir='ltr'>ratio</span> <span class='ocrx_word' id='word_1_229' title='bbox 981 1738 1124 1792; x_wconf 87' lang='lat' dir='ltr'>fuerit,</span> <span class='ocrx_word' id='word_1_230' title='bbox 1155 1739 1217 1779; x_wconf 88' lang='lat' dir='ltr'>ita</span> <span class='ocrx_word' id='word_1_231' title='bbox 1249 1738 1305 1779; x_wconf 86' lang='lat' dir='ltr'>sit</span> <span class='ocrx_word' id='word_1_232' title='bbox 1330 1738 1547 1780; x_wconf 88' lang='lat' dir='ltr'>desinendi</span> 
     </span>
     <span class='ocr_line' id='line_1_34' title="bbox 212 1798 374 1839; baseline -0.006 0"><span class='ocrx_word' id='word_1_233' title='bbox 212 1798 374 1839; x_wconf 89' lang='lat' dir='ltr'>modus.</span> 
     </span>
    </p>

    <p class='ocr_par' dir='ltr' id='par_1_8' title="bbox 208 1855 1549 2324">
     <span class='ocr_line' id='line_1_35' title="bbox 300 1855 1549 1911; baseline -0.001 -13"><span class='ocrx_word' id='word_1_234' title='bbox 300 1855 381 1898; x_wconf 77' lang='lat' dir='ltr'>Sed</span> <span class='ocrx_word' id='word_1_235' title='bbox 415 1872 497 1910; x_wconf 89' lang='lat' dir='ltr'>quo</span> <span class='ocrx_word' id='word_1_236' title='bbox 531 1857 656 1898; x_wconf 91' lang='lat' dir='ltr'>modo</span> <span class='ocrx_word' id='word_1_237' title='bbox 683 1857 728 1898; x_wconf 89' lang='lat' dir='ltr'>in</span> <span class='ocrx_word' id='word_1_238' title='bbox 755 1857 870 1898; x_wconf 89' lang='lat' dir='ltr'>omni</span> <span class='ocrx_word' id='word_1_239' title='bbox 896 1857 988 1898; x_wconf 89' lang='lat' dir='ltr'>vita</span> <span class='ocrx_word' id='word_1_240' title='bbox 1012 1856 1248 1898; x_wconf 87' lang='lat' dir='ltr'>rectissime</span> <span class='ocrx_word' id='word_1_241' title='bbox 1277 1857 1549 1911; x_wconf 86' lang='lat' dir='ltr'>praecipitur,</span> 
     </span>
     <span class='ocr_line' id='line_1_36' title="bbox 211 1915 1548 1971; baseline 0.001 -16"><span class='ocrx_word' id='word_1_242' title='bbox 211 1919 259 1956; x_wconf 90' lang='lat' dir='ltr'>ut</span> <span class='ocrx_word' id='word_1_243' title='bbox 279 1916 626 1969; x_wconf 87' lang='lat' dir='ltr'>perturbationes</span> <span class='ocrx_word' id='word_1_244' title='bbox 653 1915 882 1971; x_wconf 80' lang='lat' dir='ltr'>fugiamus,</span> <span class='ocrx_word' id='word_1_245' title='bbox 907 1915 950 1956; x_wconf 91' lang='lat' dir='ltr'>id</span> <span class='ocrx_word' id='word_1_246' title='bbox 977 1918 1042 1956; x_wconf 87' lang='lat' dir='ltr'>est</span> <span class='ocrx_word' id='word_1_247' title='bbox 1068 1918 1210 1956; x_wconf 89' lang='lat' dir='ltr'>motus</span> <span class='ocrx_word' id='word_1_248' title='bbox 1237 1915 1368 1956; x_wconf 87' lang='lat' dir='ltr'>animi</span> <span class='ocrx_word' id='word_1_249' title='bbox 1393 1915 1548 1957; x_wconf 88' lang='lat' dir='ltr'>nimios</span> 
     </span>
     <span class='ocr_line' id='line_1_37' title="bbox 211 1973 1548 2029; baseline 0 -14"><span class='ocrx_word' id='word_1_250' title='bbox 211 1974 369 2016; x_wconf 85' lang='lat' dir='ltr'>rationi</span> <span class='ocrx_word' id='word_1_251' title='bbox 412 1988 499 2016; x_wconf 88' lang='grc'>11011</span> <span class='ocrx_word' id='word_1_252' title='bbox 542 1977 911 2029; x_wconf 86' lang='lat' dir='ltr'>optemperantes,</span> <span class='ocrx_word' id='word_1_253' title='bbox 963 1974 1023 2016; x_wconf 89' lang='grc'>316</span> <span class='ocrx_word' id='word_1_254' title='bbox 1069 1974 1157 2014; x_wconf 89' lang='grc'>61113</span> <span class='ocrx_word' id='word_1_255' title='bbox 1201 1973 1317 2015; x_wconf 88' lang='lat' dir='ltr'>modi</span> <span class='ocrx_word' id='word_1_256' title='bbox 1360 1974 1548 2015; x_wconf 84' lang='lat' dir='ltr'>motibus</span> 
     </span>
     <span class='ocr_line' id='line_1_38' title="bbox 211 2032 1548 2087; baseline 0 -14"><span class='ocrx_word' id='word_1_257' title='bbox 211 2046 350 2074; x_wconf 88' lang='lat' dir='ltr'>sermo</span> <span class='ocrx_word' id='word_1_258' title='bbox 385 2032 509 2074; x_wconf 91' lang='lat' dir='ltr'>debet</span> <span class='ocrx_word' id='word_1_259' title='bbox 539 2047 708 2086; x_wconf 86' lang='lat' dir='ltr'>vacare,</span> <span class='ocrx_word' id='word_1_260' title='bbox 746 2047 798 2075; x_wconf 88' lang='lat' dir='ltr'>ne</span> <span class='ocrx_word' id='word_1_261' title='bbox 836 2036 910 2075; x_wconf 90' lang='lat' dir='ltr'>aut</span> <span class='ocrx_word' id='word_1_262' title='bbox 946 2033 1011 2074; x_wconf 88' lang='lat' dir='ltr'>ira</span> <span class='ocrx_word' id='word_1_263' title='bbox 1043 2032 1200 2073; x_wconf 86' lang='lat' dir='ltr'>existat</span> <span class='ocrx_word' id='word_1_264' title='bbox 1232 2035 1306 2073; x_wconf 93' lang='lat' dir='ltr'>aut</span> <span class='ocrx_word' id='word_1_265' title='bbox 1337 2032 1548 2087; x_wconf 88' lang='lat' dir='ltr'>cupiditas</span> 
     </span>
     <span class='ocr_line' id='line_1_39' title="bbox 211 2091 1549 2147; baseline -0.001 -14"><span class='ocrx_word' id='word_1_266' title='bbox 211 2091 356 2145; x_wconf 83' lang='lat' dir='ltr'>aliqua</span> <span class='ocrx_word' id='word_1_267' title='bbox 388 2094 462 2132; x_wconf 86' lang='lat' dir='ltr'>aut</span> <span class='ocrx_word' id='word_1_268' title='bbox 494 2092 672 2147; x_wconf 81' lang='lat' dir='ltr'>pigritia</span> <span class='ocrx_word' id='word_1_269' title='bbox 705 2094 778 2133; x_wconf 87' lang='lat' dir='ltr'>aut</span> <span class='ocrx_word' id='word_1_270' title='bbox 810 2091 983 2147; x_wconf 82' lang='lat' dir='ltr'>ignavia</span> <span class='ocrx_word' id='word_1_271' title='bbox 1016 2095 1089 2132; x_wconf 86' lang='lat' dir='ltr'>aut</span> <span class='ocrx_word' id='word_1_272' title='bbox 1121 2091 1208 2132; x_wconf 89' lang='lat' dir='ltr'>tale</span> <span class='ocrx_word' id='word_1_273' title='bbox 1234 2091 1397 2145; x_wconf 87' lang='lat' dir='ltr'>aliquid</span> <span class='ocrx_word' id='word_1_274' title='bbox 1423 2106 1549 2146; x_wconf 88' lang='lat' dir='ltr'>appa-</span> 
     </span>
     <span class='ocr_line' id='line_1_40' title="bbox 210 2150 1547 2204; baseline -0.001 -13"><span class='ocrx_word' id='word_1_275' title='bbox 210 2152 316 2204; x_wconf 87' lang='lat' dir='ltr'>reat,</span> <span class='ocrx_word' id='word_1_276' title='bbox 347 2150 614 2204; x_wconf 79' lang='lat' dir='ltr'>maximeque</span> <span class='ocrx_word' id='word_1_277' title='bbox 641 2151 874 2192; x_wconf 87' lang='lat' dir='ltr'>curandum</span> <span class='ocrx_word' id='word_1_278' title='bbox 901 2153 976 2203; x_wconf 89' lang='lat' dir='ltr'>est,</span> <span class='ocrx_word' id='word_1_279' title='bbox 1002 2152 1050 2190; x_wconf 90' lang='lat' dir='ltr'>ut</span> <span class='ocrx_word' id='word_1_280' title='bbox 1076 2164 1159 2202; x_wconf 88' lang='lat' dir='ltr'>eos,</span> <span class='ocrx_word' id='word_1_281' title='bbox 1189 2150 1440 2204; x_wconf 88' lang='lat' dir='ltr'>quibuscum</span> <span class='ocrx_word' id='word_1_282' title='bbox 1467 2164 1547 2191; x_wconf 87' lang='lat' dir='ltr'>ser-</span> 
     </span>
     <span class='ocr_line' id='line_1_41' title="bbox 209 2208 1548 2264; baseline 0 -14"><span class='ocrx_word' id='word_1_283' title='bbox 209 2223 380 2250; x_wconf 87' lang='lat' dir='ltr'>monem</span> <span class='ocrx_word' id='word_1_284' title='bbox 418 2208 702 2262; x_wconf 84' lang='lat' dir='ltr'>conferemus,</span> <span class='ocrx_word' id='word_1_285' title='bbox 748 2212 791 2250; x_wconf 88' lang='lat' dir='ltr'>et</span> <span class='ocrx_word' id='word_1_286' title='bbox 828 2209 965 2250; x_wconf 83' lang='lat' dir='ltr'>vereri</span> <span class='ocrx_word' id='word_1_287' title='bbox 1010 2211 1052 2249; x_wconf 89' lang='lat' dir='ltr'>et</span> <span class='ocrx_word' id='word_1_288' title='bbox 1096 2208 1274 2264; x_wconf 84' lang='lat' dir='ltr'>diligere</span> <span class='ocrx_word' id='word_1_289' title='bbox 1318 2208 1548 2250; x_wconf 89' lang='lat' dir='ltr'>videamur.</span> 
     </span>
     <span class='ocr_line' id='line_1_42' title="bbox 208 2266 1549 2324; baseline -0.001 -15"><span class='ocrx_word' id='word_1_290' title='bbox 208 2266 543 2324; x_wconf 82' lang='lat' dir='ltr'>Obiurgationes</span> <span class='ocrx_word' id='word_1_291' title='bbox 583 2268 713 2308; x_wconf 87' lang='lat' dir='ltr'>etiam</span> <span class='ocrx_word' id='word_1_292' title='bbox 750 2282 837 2309; x_wconf 90' lang='lat' dir='ltr'>non</span> <span class='ocrx_word' id='word_1_293' title='bbox 870 2281 1105 2322; x_wconf 89' lang='lat' dir='ltr'>numquam</span> <span class='ocrx_word' id='word_1_294' title='bbox 1135 2267 1329 2309; x_wconf 86' lang='lat' dir='ltr'>incidunt</span> <span class='ocrx_word' id='word_1_295' title='bbox 1359 2281 1549 2309; x_wconf 83' lang='lat' dir='ltr'>necessa-</span> 
     </span>
    </p>
   </div>
   <div class='ocr_carea' id='block_1_8' title="bbox 1576 693 1608 717">
    <p class='ocr_par' dir='ltr' id='par_1_9' title="bbox 1576 693 1608 717">
     <span class='ocr_line' id='line_1_43' title="bbox 1576 693 1608 717; baseline 0.031 -1"><span class='ocrx_word' id='word_1_296' title='bbox 1576 693 1608 717; x_wconf 80' lang='lat'>10</span> 
     </span>
    </p>
   </div>
   <div class='ocr_carea' id='block_1_9' title="bbox 1602 0 1663 2490">
    <p class='ocr_par' dir='ltr' id='par_1_10' title="bbox 1602 0 1663 2490">
     <span class='ocr_line' id='line_1_44' title="bbox 1602 0 1663 2490; baseline 0 0"><span class='ocrx_word' id='word_1_297' title='bbox 1602 0 1663 2490; x_wconf 95' lang='lat' dir='ltr'> </span> 
     </span>
    </p>
   </div>
   <div class='ocr_carea' id='block_1_10' title="bbox 1575 986 1606 1011">
    <p class='ocr_par' dir='ltr' id='par_1_11' title="bbox 1575 986 1606 1011">
     <span class='ocr_line' id='line_1_45' title="bbox 1575 986 1606 1011; baseline 0.032 -1"><span class='ocrx_word' id='word_1_298' title='bbox 1575 986 1606 1011; x_wconf 82' lang='lat'>15</span> 
     </span>
    </p>
   </div>
   <div class='ocr_carea' id='block_1_11' title="bbox 1571 1572 1604 1598">
    <p class='ocr_par' dir='ltr' id='par_1_12' title="bbox 1571 1572 1604 1598">
     <span class='ocr_line' id='line_1_46' title="bbox 1571 1572 1604 1598; baseline 0 0"><span class='ocrx_word' id='word_1_299' title='bbox 1571 1572 1604 1598; x_wconf 85' lang='lat'>25</span> 
     </span>
    </p>
   </div>
   <div class='ocr_carea' id='block_1_12' title="bbox 1569 1867 1602 1892">
    <p class='ocr_par' dir='ltr' id='par_1_13' title="bbox 1569 1867 1602 1892">
     <span class='ocr_line' id='line_1_47' title="bbox 1569 1867 1602 1892; baseline 0 0"><span class='ocrx_word' id='word_1_300' title='bbox 1569 1867 1602 1892; x_wconf 76' lang='lat'>8⁰</span> 
     </span>
    </p>
   </div>
   <div class='ocr_carea' id='block_1_13' title="bbox 1569 2159 1609 2186">
    <p class='ocr_par' dir='ltr' id='par_1_14' title="bbox 1569 2159 1609 2186">
     <span class='ocr_line' id='line_1_48' title="bbox 1569 2159 1609 2186; baseline 0 0"><span class='ocrx_word' id='word_1_301' title='bbox 1569 2159 1609 2186; x_wconf 35' lang='lat'>351</span> 
     </span>
    </p>
   </div>
  </div>
 </body>
</html>
