1663 2490
494 97 594 133 CAP.
624 102 678 141 15,
707 102 759 133 16.
810 101 829 140 ξ
855 101 1003 132 52—56.
1335 99 1413 138 151

82 207 210 249 etiam
249 208 294 248 et
329 205 553 260 pomariis,
590 208 683 246 tum
720 205 926 260 pecudum
964 207 1109 260 pastu,
1148 205 1292 259 apium
1324 218 1417 246 exa-

32 308 33 311 ,
81 264 286 318 minibus,
327 263 482 305 florum
523 264 712 305 omnium
750 264 970 305 varietate.
1031 262 1121 305 Nec
1158 262 1416 304 consitiones

80 323 206 365 modo
239 322 465 376 delectant,
498 322 570 363 sed
603 323 732 363 etiam
763 322 999 375 insitiones,
1031 321 1185 376 quibus
1216 321 1325 362 nihil
1357 322 1416 362 in-

81 381 198 423 venit
234 381 329 437 agri
366 381 535 422 cultura
573 381 803 422 sollertius.
864 381 1046 422 Possum
1083 380 1283 435 persequi
1326 394 1416 434 per·
1435 360 1485 442 156

44 454 61 478 5
83 440 218 482 multa
249 416 566 481 oobleotamenta
595 453 738 480 rerum
769 440 1038 494 rusticarum,
1071 439 1144 481 sed
1175 439 1280 480 haec
1310 410 1463 493 ipsa,5

81 513 188 553 quae
226 498 330 552 dixi,
368 498 506 540 sentio
543 497 674 539 fuisse
713 498 923 554 longiora.
983 497 1223 554 Ignoscetis
1256 499 1418 551 autem3

79 572 179 599 nam
218 559 261 598 et
299 557 440 598 studio
478 557 735 598 rusticarum
773 572 916 598 rerum
953 559 1180 612 provectus
1220 571 1331 610 sum,
1376 558 1418 597 et

81 618 275 658 senectus
314 618 379 657 est
414 619 570 657 natura
607 615 844 670 loquacior,
887 631 939 657 ne
984 616 1037 657 ab
1082 615 1278 657 omnibus
1324 629 1418 656 eam

79 675 196 716 vitiis
228 674 374 716 videar
405 674 630 716 vindicare.
690 674 808 730 Ergo
841 675 885 715 in
922 674 1002 716 hac
1033 674 1124 716 vita
1154 674 1222 716 M’.
1254 672 1419 728 Curius,

28 746 60 771 ιο
79 747 175 775 cum
209 733 258 774 de
285 732 562 787 Samnitibus,
595 733 643 774 de
668 731 851 787 Sabinis,
884 733 934 774 de
958 733 1125 787 Pyrrho
1157 732 1418 788 triumphas-

80 794 158 845 set,
189 792 455 846 consumpsit
486 794 724 833 extremum
755 794 924 846 tempus
958 791 1125 833 aetatis.
1176 790 1305 833 Cuius
1331 791 1419 846 qui-

79 851 175 892 dem
207 864 287 906 ego
319 850 470 892 villam
507 851 802 905 contemplans
841 850 983 904 (abest
1020 851 1133 891 enim
1169 865 1256 892 non
1290 851 1419 906 longe

79 924 104 951 a
135 908 221 964 me)
253 909 456 951 admirari
488 909 592 951 satis
624 924 710 951 non
747 923 923 964 possum
955 909 1023 950 vel
1058 909 1244 950 hominis
1281 909 1417 964 ipsius

80 968 388 1010 continentiam
430 968 499 1009 vel
543 970 786 1022 temporum
831 968 1111 1022 disciplinam.
1173 966 1301 1009 Curio
1347 968 1400 1009 ad
1414 976 1487 1019 (56)

28 1040 60 1064 15
79 1027 223 1068 focum
267 1026 432 1068 sedenti
475 1040 680 1082 magnum
724 1027 817 1067 auri
859 1027 1025 1081 pondus
1065 1025 1280 1067 Samnites
1324 1041 1419 1068 cum

80 1085 346 1139 attulissent,
384 1085 596 1139 repudiati
635 1087 752 1138 sunt3
795 1099 882 1126 non
920 1085 1033 1126 enim
1072 1099 1223 1126 aurum
1260 1085 1419 1126 habere

78 1145 346 1199 praeclarum
390 1142 473 1185 s‘ib‘i
510 1143 645 1185 videri
688 1143 811 1198 dixit,
855 1143 929 1185 sed
972 1144 1051 1198 eis,
1096 1144 1169 1198 qui
1210 1143 1420 1185 haberent

79 1217 247 1257 aurum,
289 1203 511 1257 imperare.
578 1202 810 1244 Poteratne
853 1205 1000 1243 tantus
1045 1202 1211 1244 animus
1254 1201 1419 1244 efficere
1446 1216 1488 1247 56

78 1276 165 1303 non
202 1261 429 1303 iucundam
467 1261 759 1303 senectutem?
822 1259 904 1302 Sed
940 1261 1064 1302 venio
1103 1261 1157 1302 ad
1195 1261 1419 1316 agricolas,

28 1333 62 1358 20
80 1335 133 1362 ne
166 1335 191 1362 a
221 1334 289 1361 me
319 1320 414 1375 ipso
446 1320 652 1361 recedam.
701 1319 753 1361 In
778 1320 894 1375 agris
921 1322 1043 1361 erant
1068 1322 1162 1361 tum
1189 1322 1420 1373 senatores,

79 1379 123 1420 id
160 1381 226 1420 est
258 1393 400 1432 senes,
437 1378 646 1433 siquidem
685 1379 826 1420 aranti
856 1378 903 1420 L.
935 1377 1133 1427 Quinctio
1166 1377 1419 1420 Cincinnato

79 1438 326 1479 nuntiatum
358 1439 424 1479 est
455 1452 550 1479 eum
582 1438 837 1479 dictatorem
863 1452 955 1479 esse
980 1437 1160 1491 factum3
1192 1438 1311 1480 cuius
1339 1437 1420 1479 dic-

80 1496 237 1538 tatoris
268 1496 388 1537 iussu
418 1496 627 1552 magister
658 1496 850 1550 equitum
877 1495 921 1538 C.
948 1494 1154 1538 Servilius
1180 1496 1324 1538 Ahala
1349 1494 1420 1551 Sp.

79 1555 284 1597 Maelium
310 1569 489 1610 regnum
516 1555 788 1610 adpetentem
820 1558 1075 1610 occupatum
1106 1555 1337 1597 interemit.
1380 1554 1420 1596 A

27 1626 60 1651 25
80 1614 186 1656 villa
204 1614 249 1655 in
276 1616 472 1655 senatum
498 1614 794 1655 arcessebatur
820 1617 862 1655 et
882 1612 1035 1656 Curius
1062 1617 1105 1655 et
1130 1614 1260 1656 ceteri
1287 1628 1420 1668 senes,

81 1687 131 1714 ex
163 1687 265 1727 quo,
304 1673 376 1726 qui
408 1686 480 1714 eos
513 1673 805 1727 arcessebant,
844 1672 1033 1714 viatores
1064 1673 1277 1715 nominati
1308 1675 1418 1714 sunt.

79 1731 195 1773 Num
232 1731 366 1786 igitur
403 1731 557 1772 horum
596 1735 790 1773 senectus
829 1731 1088 1773 miserabilis
1126 1731 1227 1786 fuit,
1265 1731 1338 1786 qui
1375 1746 1420 1773 se

81 1790 176 1846 agri
195 1790 383 1832 cultione
403 1789 708 1832 oblectabant?
752 1789 848 1831 Mea
874 1790 1045 1844 quidem
1072 1790 1284 1832 sententia
1306 1790 1420 1832 haud

81 1848 168 1891 scio
201 1863 256 1890 an
285 1848 407 1889 nulla
437 1849 606 1890 beatior
636 1849 775 1904 possit
801 1863 906 1904 esse,
936 1863 1073 1903 neque
1099 1849 1239 1891 solum
1266 1849 1419 1904 officio,

29 1919 63 1945 ³0
83 1907 195 1962 quod
231 1907 454 1949 hominum
492 1907 639 1963 generi
675 1907 874 1949 universo
912 1908 1081 1949 cultura
1118 1922 1323 1962 agrorum
1354 1910 1420 1949 est

81 1966 296 2020 salutaris,
328 1966 401 2007 sed
427 1968 469 2007 et
495 1966 789 2021 delectatione,
816 1968 863 2008 de
889 1981 973 2020 qua
993 1966 1090 2020 dixi,
1123 1969 1165 2008 et
1191 1967 1419 2008 saturitate

81 2024 286 2080 copiaque
322 2039 465 2066 rerum
503 2025 712 2080 omnium,
751 2039 859 2080 quae
903 2025 956 2067 ad
993 2025 1154 2067 victum
1184 2025 1419 2080 hominum,

81 2084 135 2125 ad
166 2084 328 2125 cultum
360 2083 492 2125 etiam
523 2083 698 2126 deorum
730 2084 959 2139 pertinent,
989 2087 1049 2140 ut,
1081 2084 1283 2139 quoniam
1314 2084 1420 2126 haec

82 2142 255 2197 quidam
298 2142 561 2197 desiderant,
609 2143 654 2184 in
698 2143 885 2199 gratiam
928 2143 1014 2184 iam
1057 2158 1153 2185 cum
1195 2144 1419 2198 voluptate

30 2211 63 2238 85
82 2201 317 2243 redeamus.
378 2199 554 2256 Semper
591 2202 705 2243 enim
742 2202 843 2243 boni
882 2202 1125 2257 assiduique
1166 2202 1328 2244 domini
1358 2216 1419 2243 re-

81 2258 193 2301 ferta
218 2260 328 2302 cella
351 2259 528 2315 vinaria,
561 2260 733 2315 olearia,
765 2261 896 2302 etiam
921 2260 1096 2316 penaria
1122 2264 1199 2316 est,
1230 2261 1418 2315 vill-aque

80 2320 177 2360 tota
201 2317 392 2374 locuples
417 2321 495 2373 est,
527 2318 718 2361 abundat
741 2334 884 2374 porco,
909 2319 1058 2375 haedo,
1086 2333 1211 2376 agno,
1243 2320 1416 2374 gallina,
