1663 2490
456 511 518 560 M.
560 512 748 560 TULLI
792 513 1120 562 CICERONIS

188 623 283 678 DE
326 622 617 678 OFFIOIIS
661 623 754 677 AD
799 623 1099 679 MARCUM
1141 623 1386 679 FILIUM

570 750 730 788 LIBER
762 750 998 789 TERTIUS.

569 938 1012 978 ARGUMENTUM.

211 1014 290 1050 Hoc
316 1014 411 1050 libro
437 1014 484 1050 M.
511 1015 654 1049 Tullius
680 1014 869 1060 prooemio
895 1015 1116 1060 praemisso,
1149 1015 1188 1050 in
1219 1027 1291 1060 quo
1317 1015 1363 1051 de
1390 1016 1458 1052 otii

118 1061 174 1097 sui
204 1061 348 1096 ratione
380 1062 531 1106 exponit
556 1064 593 1097 et
623 1061 740 1096 filium
765 1062 813 1096 ad
839 1062 962 1096 studia
987 1062 1144 1097 colenda
1168 1063 1338 1098 hortatur
1362 1065 1456 1108 (cap.

120 1113 151 1152 1,
177 1112 196 1143 2
224 1113 242 1151 ξ
271 1110 388 1153 1’-6),
420 1110 558 1143 restare
587 1108 640 1143 ait
664 1108 814 1144 tertium
841 1109 1068 1152 quaestionis
1095 1120 1181 1144 suae
1206 1110 1330 1144 locum
1354 1121 1458 1155 prae-

116 1155 327 1191 termissum
353 1166 375 1190 a
398 1155 592 1198 Panaetio,
625 1155 669 1189 de
703 1155 939 1190 contentione
973 1156 1180 1191 honestatis
1213 1157 1251 1191 et
1281 1156 1457 1192 utilitatis

118 1204 211 1247 (cap.
239 1206 259 1236 2
287 1207 305 1245 ξ)
333 1203 485 1247 7——10),
518 1202 582 1247 qui
614 1203 716 1237 locus
749 1202 819 1237 etsi
850 1202 1006 1238 fortasse
1039 1203 1100 1237 hic
1131 1204 1347 1238 tractandus
1380 1216 1459 1239 esse

117 1259 192 1284 non
216 1249 403 1292 videatur,
435 1251 631 1294 propterea
663 1249 778 1293 quod,
810 1249 1007 1284 honestum
1034 1250 1132 1294 quod
1158 1250 1223 1295 sit,
1259 1262 1458 1295 numquam

119 1307 201 1331 cum
226 1296 312 1330 utili
336 1307 502 1341 pugnare
527 1307 636 1342 posse
662 1296 832 1332 videatur
857 1297 966 1341 (nihil
993 1297 1092 1332 enim
1117 1308 1196 1332 esse
1222 1298 1332 1340 utile,
1360 1299 1458 1342 quod

117 1354 191 1378 non
228 1342 327 1378 idem
363 1343 588 1388 honestum),
625 1345 750 1378 tamen
788 1354 965 1388 apparere
1004 1344 1097 1378 dicit
1128 1344 1346 1379 Panaetium
1379 1357 1459 1380 eam

119 1400 268 1425 causam
287 1391 513 1435 pertractare
533 1390 695 1425 voluisse
717 1393 812 1435 (cap.
834 1395 951 1433 3—7).
990 1390 1038 1425 Et
1063 1402 1146 1426 cum
1166 1402 1252 1426 sane
1272 1391 1458 1427 interdum

118 1437 244 1481 aliqua
282 1437 423 1482 species
461 1437 638 1472 utilitatis
677 1437 799 1472 offerri
835 1438 972 1483 possit,
1010 1449 1104 1482 quae
1142 1450 1224 1473 cum
1261 1439 1458 1474 honestate

116 1495 283 1529 pugnare
308 1483 491 1525 videatur,
518 1484 572 1519 ait
597 1495 635 1519 se
660 1484 759 1518 huno
784 1485 907 1520 locum
933 1485 1118 1530 suscipere
1144 1485 1254 1531 velle,
1280 1487 1319 1521 et
1343 1487 1458 1532 expli-

118 1532 202 1565 cata
227 1531 398 1566 universa
416 1532 548 1566 natura
565 1531 754 1574 utilitatis,
780 1542 874 1576 quae
895 1543 977 1566 cum
996 1532 1227 1578 turpitudine
1246 1533 1357 1578 plane
1378 1545 1458 1569 esse

116 1589 191 1613 non
215 1578 336 1624 possit
362 1581 456 1624 (cap.
485 1583 517 1622 8,
543 1580 598 1623 9),
630 1580 757 1613 tamen
789 1579 960 1613 concedit
984 1579 1170 1614 interdum
1198 1582 1352 1625 propter
1377 1592 1458 1626 spe-

118 1626 213 1660 ciem
239 1625 354 1660 falsae
380 1625 559 1660 utilitatis
585 1636 659 1660 non
679 1625 799 1660 solum
818 1625 856 1660 in
875 1626 983 1661 rebus
1002 1626 1171 1671 privatis,
1197 1638 1325 1661 verum
1344 1627 1457 1663 etiam

118 1671 157 1707 in
181 1672 342 1718 publicis
368 1672 407 1707 in
434 1672 686 1717 dignoscenda
710 1672 874 1707 utilitate
901 1675 939 1708 et
957 1673 1153 1709 honestate
1172 1673 1328 1709 titubari
1346 1686 1457 1720 posse

118 1720 209 1765 (cap.
245 1725 298 1762 10,
328 1725 368 1754 11
395 1724 414 1762 §1
439 1721 616 1764 40—49).
667 1720 795 1763 Itaque
826 1719 986 1764 primum
1018 1720 1063 1755 de
1094 1720 1276 1765 peculiari
1308 1723 1457 1757 conten-

116 1765 218 1801 tione
244 1767 438 1810 utilitatis,
472 1778 566 1810 quae
591 1766 790 1811 prudentia
815 1767 934 1802 videri
960 1767 1069 1810 velit,
1102 1779 1184 1802 cum
1209 1767 1354 1803 iustitia
1377 1769 1459 1814 agit

118 1815 213 1858 (cap.
243 1817 390 1849 12—25
416 1819 435 1856 ξ
462 1817 637 1858 50—95),
670 1813 805 1848 deinde
838 1813 883 1848 de
910 1815 1148 1849 contentione
1172 1815 1349 1850 utilitatis
1376 1827 1458 1850 cum

116 1859 332 1896 fortitudine
360 1861 512 1906 exponit
532 1863 625 1906 (cap.
647 1862 814 1905 26—32),
841 1861 999 1905 denique
1026 1863 1071 1896 de
1098 1861 1336 1897 contentione
1357 1863 1458 1897 utili-

115 1907 205 1942 tatis
231 1919 313 1942 cum
339 1908 586 1952 temperantia
617 1908 786 1952 disputat
817 1911 908 1952 (cap.
938 1913 982 1943 33
1008 1913 1028 1952 ξ
1055 1912 1253 1954 116—120)
1285 1911 1323 1944 et
1353 1910 1459 1945 brevi

117 1954 265 2000 epilogo
293 1955 484 1990 concludit
508 1957 765 2000 argumentum
791 1956 825 1998 (ξι
853 1957 945 2000 121).

202 2120 249 2164 P.
286 2120 550 2177 Scipionem,
593 2122 649 2164 M.
686 2123 768 2178 fili,
812 2137 926 2176 eum,
970 2123 1043 2178 qui
1084 2123 1250 2179 primus
1293 2106 1506 2192 Africa}

116 2193 196 2221 nus
229 2182 472 2235 appellatus
505 2184 587 2236 est,
626 2182 763 2223 dicere
802 2182 979 2224 solitum
1016 2182 1188 2237 scripsit
1219 2182 1346 2237 Cato,
1384 2184 1456 2237 qui

115 2238 200 2279 fuit
237 2240 326 2280 eius
362 2240 452 2282 fere
490 2240 699 2295 aequalis,
736 2255 971 2295 numquam
1008 2255 1053 2282 se
1090 2241 1230 2283 minus
1268 2242 1456 2283 otiosum

116 2311 221 2351 esse,
253 2312 378 2352 quam
412 2313 508 2340 611111
540 2299 718 2351 otiosus,
747 2313 826 2341 1166
851 2299 992 2340 minus
1017 2300 1170 2353 solum,
1202 2315 1330 2353 quam
1359 2315 1456 2342 cum
