1673 2505
237 57 289 98 37
296 58 322 98 6
752 55 1047 91 FRAGMENTA

234 165 294 206 Et
324 179 484 220 paucae
517 179 538 205 e
571 161 715 204 Chelis
749 164 918 216 stellae,
951 163 1077 204 simul
1109 163 1442 219 Anguitenentis

237 223 345 264 Sunt
378 238 516 279 genua
548 224 590 262 ct
623 221 779 262 summi
809 221 924 262 Iovis
951 221 1054 262 Ales
1086 223 1262 264 nuntius
1297 223 1443 273 instat,

137 287 220 325 295
237 282 420 336 Propter
452 282 600 335 Equus
634 280 772 334 capite
806 282 847 320 et
879 280 1088 321 cervicum
1121 281 1280 322 lumine
1311 283 1464 336 tangit.

295 340 436 382 Hosce
469 353 602 393 aequo
637 338 777 392 spatio
811 338 1029 380 devinctos
1063 339 1246 380 sustinet
1277 341 1367 381 axis

236 399 317 440 Per
350 398 511 439 medios
546 411 711 437 summo
745 397 852 437 caeli
883 397 934 437 de
965 397 1123 438 vertice
1155 400 1342 441 tranans,

235 457 316 498 Ille
349 459 492 498 autem
525 456 640 497 claro
674 458 852 509 quartus
884 470 980 496 cum
1012 456 1171 497 lumine
1203 456 1338 498 circus

237 516 438 557 Partibus
472 514 673 556 extremis
707 516 918 555 extremos
951 515 1141 555 continet
1173 515 1297 555 orbes

139 580 223 617 300
237 574 296 615 Et
328 574 453 615 simul
487 588 511 614 a
542 573 681 613 medio
714 573 853 613 media
885 573 934 613 de
966 575 1088 627 parte
1121 576 1288 614 secatur

237 632 381 687 Atque
415 632 614 685 obliquus
646 631 691 671 in
721 631 789 671 his
820 631 962 672 nitens
995 647 1090 672 cum
1122 632 1281 672 lumine
1312 632 1466 686 fertur,

235 691 297 733 Ut
328 705 472 744 nemo,
504 690 571 731 cui
603 692 752 730 sancta
784 705 912 730 manu
945 690 1194 731 doctissima
1225 690 1370 732 Pallas

237 748 467 791 Sollertem
497 749 593 803 ipsa
625 748 740 789 (ledit
770 748 958 789 fabricae
989 749 1229 789 rationibus
1262 752 1418 804 artem,

237 808 343 849 Tam
376 811 549 849 tornare
582 809 675 848 cate
708 809 927 848 contortos
959 807 1123 861 possiet
1156 808 1298 862 orbes,

138 873 221 910 305
239 866 376 915 Quam
409 869 508 907 sunt
539 866 583 906 in
615 866 731 907 caelo
764 865 906 906 divino
938 866 1111 906 numine
1143 866 1240 907 flexi

240 925 416 966 Terram
448 925 686 979 cingentes,
720 927 920 965 ornantes
952 925 1111 965 lumine
1144 925 1367 980 mundum,

239 984 432 1025 Culmine
464 986 711 1024 transverso
744 983 975 1024 retinentes
1008 983 1147 1024 sidera
1170 984 1293 1025 fulta.

238 1042 452 1091 Quattuor
482 1042 527 1082 hi
559 1044 679 1082 motu
711 1041 851 1082 cuncti
881 1042 1113 1083 volvuntur
1145 1043 1304 1084 eodem.

238 1100 320 1142 Sed
350 1103 521 1142 tantum
554 1115 707 1154 supera
738 1103 875 1141 terras
909 1115 1074 1155 semper
1106 1103 1225 1151 tenet
1253 1102 1327 1142 ille

137 1165 224 1203 310
239 1159 527 1213 Curriculum,
559 1159 732 1212 oblique
763 1159 957 1213 inplexus
990 1160 1128 1200 tribus
1162 1160 1336 1201 orbibus
1368 1176 1494 1215 unus,

239 1218 408 1267 Quanto
442 1221 506 1259 est
539 1218 699 1258 divisus
732 1216 892 1259 Cancer
925 1218 1064 1272 spatio
1099 1234 1123 1259 a
1155 1218 1432 1275 Capricorno,

237 1277 298 1318 At
331 1277 478 1318 subter
509 1279 646 1318 terras
680 1277 867 1331 spatium
898 1292 977 1331 par
1009 1291 1100 1317 esse
1132 1292 1302 1318 necesse
1335 1282 1418 1333 est,

237 1336 296 1378 Et
327 1338 511 1390 quantos
543 1335 685 1376 radios
716 1335 894 1376 iacimus
928 1335 977 1375 de
1009 1335 1170 1376 lumine
1200 1339 1368 1391 nostro,

238 1394 342 1443 Quis
373 1395 486 1435 hunc
518 1408 751 1435 convexum
783 1394 890 1435 caeli
921 1394 1209 1449 contingimus
1243 1396 1407 1450 orbem,

139 1459 223 1495 315
241 1452 322 1495 Sex
352 1455 500 1494 tantae
531 1454 734 1507 poterunt
767 1453 844 1493 sub
872 1467 967 1493 eum
1000 1453 1222 1494 succedere
1253 1457 1397 1508 partes

239 1513 349 1553 Bina
380 1512 473 1566 pari
506 1511 646 1565 spatio
679 1511 882 1552 caelestia
914 1511 1038 1566 signa
1069 1514 1274 1553 tenentes.

240 1571 468 1612 Zodiacum
501 1570 612 1611 hunc
644 1569 795 1611 Graeci
827 1570 1018 1611 vocitant
1048 1571 1269 1625 nostrique
1301 1571 1444 1613 Latini

239 1630 398 1671 Orbem
430 1628 683 1683 signiferum
714 1629 1001 1683 perhibebunt
1030 1629 1202 1670 nomine
1233 1644 1351 1684 vero3

239 1688 352 1729 Nam
385 1688 497 1743 gerit
528 1687 597 1728 1116
628 1687 803 1729 volvens
836 1687 901 1728 bis
935 1703 1007 1729 sex
1040 1688 1233 1729 ardentia
1266 1688 1399 1744 signa.

140 1753 226 1790 320
241 1747 430 1788 Aestifer
462 1749 527 1787 est
558 1746 747 1800 pandens
779 1746 990 1787 ferventia
1021 1746 1159 1788 sidera
1192 1745 1363 1789 Cancer.

239 1806 365 1847 Hunc
397 1805 545 1846 subter
575 1805 746 1860 fulgens
780 1805 890 1846 cedit
920 1805 984 1846 vis
1016 1807 1142 1846 torva
1172 1805 1344 1860 Leonis,

240 1864 373 1913 Quem
405 1864 536 1905 rutilo
570 1863 761 1918 sequitur
792 1865 1016 1905 conlucens
1048 1879 1224 1918 corpore
1256 1864 1403 1921 Virgo.

238 1923 352 1964 Exin
382 1923 596 1977 proiectae
628 1923 742 1964 claro
775 1938 869 1964 cum
901 1923 1060 1963 lumine
1093 1921 1269 1977 Chelae,

238 1982 422 2037 Ipsaque
455 1982 730 2035 consequitur
761 1982 904 2023 lucens
936 1982 1001 2022 vis
1034 1995 1191 2037 magna
1223 1981 1372 2037 Nepai.

141 2046 223 2084 3⁶25
240 2041 342 2082 Inde
376 2039 689 2095 Sagittipotens
722 2040 870 2081 (lextra
901 2040 1056 2081 flexum
1088 2043 1205 2081 tenet
1236 2056 1398 2095 arcum,

240 2100 345 2141 Post
376 2099 489 2140 hunc
521 2114 592 2140 ore
623 2098 714 2140 fero
749 2098 1032 2153 Capricornus
1065 2099 1218 2140 vadere
1249 2100 1409 2155 pergit3

239 2157 420 2200 Umidus
452 2158 548 2198 inde
580 2157 663 2199 loci
696 2158 890 2199 conlucet
921 2157 1136 2212 Aquarius
1169 2158 1281 2200 orbe.

240 2217 353 2259 Exin
385 2216 647 2271 squamigeri
678 2216 707 2269 †
739 2218 957 2271 serpentes
990 2216 1134 2257 ludere
1165 2216 1327 2272 Pisces3

241 2275 345 2325 Quis
378 2289 517 2317 comes
550 2277 615 2316 est
647 2274 772 2316 Aries
805 2275 985 2317 obscuro
1017 2275 1177 2316 lumine
1208 2276 1357 2318 labens

1505 234 1571 265 540

1505 526 1572 558 545
1628 511 1630 565 ζ

1506 820 1574 851 550

1507 1114 1573 1145 555

1507 1407 1575 1439 560

1506 1701 1574 1733 565

1507 1996 1575 2028 570

1507 2289 1574 2320 575
