1663 2490
108 1122 156 1152 ⁴26

110 2061 156 2092 27

188 66 241 107 10
708 65 770 100 DE
799 65 997 100 OFFICIIS

182 173 520 229 proficiscuntur,
552 187 646 214 cum
672 173 722 227 is,
754 173 826 227 qui
850 187 1001 214 nocere
1028 173 1154 215 alteri
1180 174 1356 229 cogitat,
1382 174 1519 228 timet,

182 247 252 286 ne,
289 232 373 273 nisi
403 231 445 272 id
476 231 644 285 fecerit,
680 232 772 286 ipse
811 231 953 284 aliquo
994 232 1207 274 afficiatur
1237 233 1518 275 incommodo.

183 290 415 332 Maximam
443 292 586 331 autem
611 293 779 344 partem
805 289 858 330 ad
882 289 1081 332 iniuriam
1107 290 1346 333 faciendam
1373 291 1519 347 adgre-

183 349 374 403 diuntur,
411 352 460 389 ut
498 348 788 403 adipiscantur
826 362 891 402 ea,
936 363 1043 402 quae
1081 349 1431 404 concupiverunt3
1474 350 1519 391 in

183 422 266 462 quo
299 407 403 449 vitio
437 407 647 448 latissime
679 409 800 461 patet
832 407 1025 448 avaritia.

270 466 541 520 Expetuntur
574 468 717 507 autem
750 465 922 506 divitiae
961 480 1056 507 cum
1089 466 1141 507 ad
1172 480 1273 508 usus
1305 466 1420 508 vitae
1450 481 1518 508 ne-

183 525 409 578 cessarios,
446 528 539 565 tum
572 524 622 564 ad
655 523 931 579 perfruendas
964 525 1222 579 voluptates.
1282 524 1332 566 In
1365 525 1519 579 quibus

184 587 326 625 autem
370 584 507 624 maior
552 585 617 623 est
660 582 845 635 animus,
888 582 933 623 in
975 583 1028 624 iis
1068 584 1270 637 pecuniae
1308 584 1519 638 cupiditas

183 644 350 696 spectat
376 642 428 682 ad
455 655 556 696 opes
584 644 626 681 et
652 641 704 682 ad
731 641 1000 696 gratificandi
1025 641 1287 696 facultatem,
1313 646 1361 683 ut
1385 657 1520 697 nuper

182 700 238 743 M.
276 700 457 742 Crassus
495 700 684 755 negabat
720 699 855 740 ullam
900 700 1004 740 satis
1049 714 1252 755 magnam
1295 702 1520 755 pecuniam

183 774 275 800 esse
307 759 362 812 ei,
401 758 473 812 qui
504 758 549 799 in
580 773 625 799 re
657 758 830 813 publica
860 758 1057 812 princeps
1088 759 1220 800 vellet
1251 773 1360 813 esse,
1401 760 1519 801 cuius

181 817 393 859 fructibus
420 817 651 858 exercitum
678 817 791 858 alere
817 831 904 858 non
927 819 1086 871 posset.
1134 817 1364 859 Delectant
1389 819 1520 859 etiam

182 876 399 931 magnifici
432 878 665 930 apparatus
696 875 895 929 vitaeque
927 876 1066 917 cultus
1099 890 1194 918 cum
1229 876 1446 932 elegantia
1477 880 1520 918 et

183 935 323 990 copia3
355 934 508 989 quibus
540 935 667 975 rebus
701 934 897 976 effectum
930 937 1007 987 est,
1038 936 1087 975 ut
1116 934 1285 976 infinita
1315 935 1519 989 pecuniae

183 993 393 1048 cupiditas
431 995 555 1034 esset.
616 992 706 1035 Nec
742 1007 843 1034 vero
881 993 943 1034 rei
979 993 1206 1034 familiaris
1239 994 1518 1048 amplificatio

181 1052 341 1093 nemini
379 1066 535 1094 nocens
573 1051 856 1106 vituperanda
893 1054 975 1105 est,
1014 1051 1087 1093 sed
1116 1052 1319 1108 fugienda
1352 1066 1519 1107 semper

183 1111 339 1152 iniuria
371 1113 448 1152 est.
507 1110 706 1152 Maxume
738 1112 882 1151 autem
920 1110 1185 1152 adducuntur
1223 1111 1434 1165 plerique,
1470 1114 1519 1152 ut

183 1184 254 1211 eos
286 1169 478 1211 iustitiae
505 1169 647 1224 capiat
673 1169 846 1223 oblivio,
878 1184 973 1211 cum
998 1169 1043 1210 in
1068 1169 1357 1224 imperiorum,
1388 1169 1519 1211 hono-

182 1243 294 1281 rum,
333 1228 496 1283 gloriae
535 1228 813 1283 cupiditatem
843 1228 1093 1269 inciderunt.
1155 1227 1276 1276 Quod
1308 1228 1421 1269 enim
1453 1232 1519 1270 est

183 1287 294 1342 apud
327 1286 532 1328 Ennium:

605 1344 763 1387 Nulla
794 1348 972 1387 sancta
1003 1345 1228 1387 societas

270 1402 374 1446 Nec
405 1403 541 1445 fides
573 1404 718 1459 regni
750 1406 845 1458 est,

181 1463 226 1504 id
256 1463 387 1504 latius
419 1465 551 1517 patet.
601 1462 714 1504 Nam
746 1462 945 1517 quicquid
978 1463 1066 1504 eius
1099 1462 1214 1504 modi
1246 1465 1323 1516 est,
1357 1462 1402 1504 in
1434 1477 1517 1517 quo

181 1536 268 1563 non
293 1521 462 1576 possint
486 1522 631 1576 plures
658 1521 874 1575 excellere,
899 1521 944 1562 in
969 1536 1017 1563 eo
1043 1521 1093 1562 fit
1118 1522 1369 1576 plerumque
1394 1524 1518 1563 tanta

182 1581 399 1626 contentio
444 1583 492 1621 ut
524 1580 824 1622 difficillimum
857 1580 913 1621 sit
945 1594 1114 1621 servare
1147 1579 1355 1622 tsanctam
1388 1580 1517 1622 socie-

182 1639 347 1681 tatem'.
383 1614 412 1673 s
414 1639 662 1680 Declaravit
704 1639 747 1680 id
791 1639 916 1680 modo
961 1639 1182 1680 temeritas
1226 1638 1270 1680 C.
1309 1638 1517 1693 Caesaris,

183 1699 256 1752 qui
295 1697 438 1739 omnia
474 1698 569 1739 iura
601 1698 744 1739 divina
782 1700 824 1738 et
861 1698 1049 1739 humana
1090 1697 1298 1752 pervertit
1340 1700 1518 1752 propter

181 1771 291 1810 eum,
325 1771 449 1811 quem
483 1756 565 1797 sibi
595 1757 687 1811 ipse
720 1756 931 1811 opinionis
963 1771 1106 1797 errore
1136 1756 1331 1810 finxerat,
1364 1757 1518 1811 princi-

182 1818 342 1870 patum.
391 1815 474 1856 Est
505 1818 648 1857 autem
679 1815 723 1856 in
755 1815 835 1857 hoc
867 1829 1020 1871 genere
1052 1815 1293 1869 molestum,
1328 1814 1442 1869 quod
1472 1815 1518 1856 in

183 1874 380 1915 maximis
414 1874 567 1915 animis
595 1873 1031 1929 splendidissimisque
1057 1873 1241 1928 ingeniis
1266 1873 1516 1928 plerumque

183 1934 373 1974 existunt
391 1932 581 1987 honoris,
606 1932 788 1988 imperii,
813 1932 1042 1988 potentiae,
1066 1932 1229 1987 gloriae
1250 1932 1516 1986 cupiditates.

184 1990 275 2040 Quo
308 1991 447 2046 magis
479 1992 712 2033 cavendum
744 1993 827 2045 est,
865 2006 918 2032 ne
950 1990 1051 2045 quid
1082 1991 1126 2031 in
1157 2005 1206 2032 eo
1239 2004 1393 2046 genere
1424 2005 1518 2046 pec-

184 2053 313 2092 cetur.
348 2048 429 2091 Sed
449 2050 493 2090 in
514 2050 629 2091 omni
648 2050 862 2091 iniustitia
880 2050 1141 2104 permultum
1161 2049 1352 2103 interest,
1371 2052 1517 2091 utrum

182 2109 507 2164 perturbatione
534 2109 678 2163 aliqua
704 2108 848 2163 animi,
879 2123 986 2163 quae
1008 2109 1259 2163 plerumque
1284 2108 1426 2150 brevis
1452 2111 1518 2150 est

184 2171 227 2209 et
265 2168 318 2209 ad
354 2170 545 2222 tempus,
589 2182 644 2209 an
687 2167 881 2210 consulto
927 2170 968 2208 et
1008 2167 1199 2222 cogitata
1236 2167 1313 2208 fiat
1349 2167 1516 2208 injuria.

183 2226 365 2268 Leviora
403 2225 515 2267 enim
556 2229 656 2268 sunt
693 2241 759 2280 ea,
804 2241 911 2281 quae
954 2226 1175 2280 repentino
1215 2225 1360 2280 aliquo
1397 2229 1518 2267 motu

184 2284 397 2339 accidunt,
438 2299 563 2339 quam
601 2300 669 2340 ea,
706 2299 813 2339 quae
851 2284 1058 2326 meditata
1092 2287 1135 2325 et
1165 2287 1422 2339 praeparata
1457 2284 1519 2326 in-

1540 713 1572 738 10

1541 1006 1572 1031 15

1538 1299 1572 1324 20

1537 1592 1569 1617 25

1536 1886 1570 1910 30

1536 2178 1569 2204 35
