1673 2505
263 78 349 119 302
781 78 1079 115 FRAGMENTA

528 183 592 218 AD
619 183 824 218 EUNDEM
851 183 915 217 EX
938 183 1083 219 LIBRO
1109 183 1330 221 INCERTO.

351 245 389 286 3.
420 244 635 286 Diomedes
666 244 699 285 I
715 259 759 297 p.
791 247 885 286 375.
917 247 977 286 27
1006 244 1115 286 Keil.
1172 244 1344 299 ‘Deleor,
1375 245 1534 288 delitus’
1566 251 1604 289 et

264 302 451 344 ‘deletus’.
514 302 649 345 Cicero
680 304 737 344 ad
764 303 920 355 filium:
952 303 1060 344 ceris
1093 303 1256 345 deletis.

350 362 389 403 4.
421 362 662 403 Lactantius
687 362 779 403 inst.
804 361 892 402 III
910 365 974 405 14.
1002 365 1059 403 17
1082 361 1214 413 Quam
1244 362 1446 414 coufessus
1473 363 1602 415 fueris

259 420 535 473 philosophiae
565 421 792 471 veritatem,
827 421 964 461 doeeut
993 421 1049 461 ad
1076 421 1212 472 filium
1242 423 1458 474 composita
1480 436 1601 474 prae-
1621 433 1638 459 5

263 482 391 530 cepta,
440 479 584 531 quibus
632 492 767 520 moues
815 478 1115 533 philosophiae
1160 478 1330 532 quidem
1373 483 1602 536 praecepta

262 537 493 588 noscenda,
525 537 753 579 vivendum
785 539 928 578 autem
961 551 1053 578 esse
1086 537 1280 578 civiliter.

351 595 389 637 5.
421 595 587 638 Servius
617 597 673 637 acl
709 596 821 649 Very.
852 596 956 637 Aen.
995 594 1117 637 VIII
1142 599 1223 638 168
1255 595 1391 639 Cicero
1417 611 1491 650 per
1521 599 1601 650 epi-

262 654 412 695 stulam
455 655 592 707 culpat
631 655 765 708 filium
808 655 941 696 diceus
982 655 1086 695 male
1128 668 1219 695 eum
1261 656 1410 697 dixisse
1451 656 1603 698 ‘direxi

264 713 418 754 litteras
443 714 574 766 cluas’,
604 725 694 755 eum
720 714 884 765 litterae,
912 714 1094 766 quotiens
1118 714 1333 766 epistulam
1356 715 1601 768 significant,
1624 726 1649 751 11¹

263 772 423 812 numeri
454 775 612 813 tautum
635 773 817 825 pluralis
847 773 940 813 siut.

352 830 390 871 6.
430 829 598 882 Quintil.
635 831 668 871 I
700 835 736 872 7.
774 833 830 872 34
867 830 988 872 Nihil
1024 844 1071 871 ex
1105 832 1370 884 yrammatiee
1411 833 1603 886 uoeuerit,

263 889 345 929 uisi
375 890 482 941 quod
509 903 799 942 supervacuum
830 892 896 931 est.
939 889 1012 930 Ari
1041 890 1127 930 ideo
1159 890 1294 931 miuor
1325 893 1383 931 est
1412 890 1474 931 M.
1509 891 1603 932 Tul-

264 947 343 989 lius
361 951 509 1001 orator,
534 949 640 1001 quod
664 949 766 990 idem
791 949 893 990 artis
918 947 1039 989 huius
1063 948 1412 1002 (ortlioyraphiae)
1436 949 1604 1002 diliyeu-

264 1006 442 1048 tissimus
464 1007 548 1059 fuit
570 1010 607 1049 et
629 1008 675 1048 iii
697 1008 796 1060 filio,
821 1010 867 1047 ut
890 1007 1072 1060 epistulis
1096 1011 1274 1060 apparet,
1301 1010 1399 1049 reete
1419 1008 1604 1061 loquendi
1624 1017 1646 1042 1!

262 1078 381 1117 asper
410 1079 561 1118 quoque
591 1065 781 1108 exactor?

353 1125 388 1166 7.
422 1124 630 1166 Plutarch.
663 1124 741 1167 Cio.
772 1127 830 1166 24
858 1119 1107 1165 Ἐπιστολαὶ
1144 1121 1260 1176 παρὰ
1299 1125 1379 1165 τοῦ
1412 1122 1602 1179 Κικέρω-

262 1197 339 1230 νος
371 1181 454 1224 εἰσὶ
490 1207 541 1212 -
575 1181 684 1235 πρὸς
715 1180 794 1225 τὸν
826 1180 926 1224 υἶὸν
959 1180 1300 1236 ἐγκελευομένου
1335 1187 1602 1237 συμφιλοσο-

264 1248 366 1293 φεῖν
399 1244 654 1298 Κρατίππῳ,

454 1398 499 1434 Χ.
544 1397 616 1433 AD
648 1396 690 1436 C.
723 1396 968 1434 LICINIUM
1001 1396 1221 1435 CALVUM
1253 1396 1352 1435 LIB.
1383 1397 1413 1434 I.

354 1477 389 1518 1.
427 1475 555 1518 Prisc.
594 1475 669 1517 IX
702 1480 766 1517 10.
803 1478 857 1517 54
887 1489 930 1527 p.
968 1478 1062 1517 490.
1102 1479 1128 1517 8
1166 1475 1222 1516 Η.
1283 1476 1325 1521 ,Α
1368 1473 1514 1517 ‘deleo’
1545 1500 1602 1505 —

264 1534 475 1588 ‘deletum’,
506 1549 533 1576 a
565 1534 726 1576 edeliuo’
760 1533 954 1576 ‘delitum’
986 1535 1178 1575 nascitur.
1215 1558 1262 1563 —
1293 1534 1429 1576 Cicero
1460 1535 1602 1587 epistu-

264 1595 398 1635 larum
429 1595 485 1635 ad
514 1593 683 1635 Calvum
705 1594 867 1646 primo:
907 1591 1006 1633 Tuli
1045 1593 1243 1645 moleste,
1282 1593 1394 1647 quod
1431 1593 1602 1634 litterae

264 1653 420 1694 delitae
453 1652 558 1693 mihi
592 1667 616 1693 a
647 1654 690 1693 te
723 1652 914 1693 redditae
947 1653 1058 1692 sunt.
1108 1652 1180 1705 (V.
1205 1652 1313 1693 Keil.
1339 1653 1395 1693 acl
1417 1651 1602 1694 Diomecl.

258 1726 299 1765 p.
330 1713 423 1753 375.
455 1712 546 1765 27.)
1622 1720 1638 1747 2

691 1767 754 1801 EX
780 1766 922 1801 LIBRO
950 1765 1171 1801 INCERTO.

352 1829 390 1870 2.
417 1828 495 1871 Cic.
519 1829 620 1880 fam.
646 1828 739 1870 XV
756 1831 822 1869 21.
849 1831 876 1868 4
902 1827 1025 1868 Nunc
1052 1828 1108 1868 acl
1136 1827 1351 1880 epistulam
1381 1828 1505 1880 venio,
1536 1828 1603 1868 eui

264 1888 414 1940 copiose
444 1891 480 1929 et
509 1888 686 1929 suaviter
715 1887 888 1939 scriptae
917 1886 1023 1927 iiiliil
1054 1889 1110 1927 est
1147 1887 1253 1938 quod
1281 1886 1411 1928 multa
1441 1899 1600 1939 respou-

264 1948 389 1988 deam.
451 1945 642 1987 Primum
679 1947 786 1987 euim
823 1959 890 1998 eqo
928 1945 1023 1986 illas
1054 1943 1176 1986 Calvo
1211 1946 1365 1986 litteras
1395 1946 1491 1986 misi
1520 1958 1602 1986 nori

260 2006 354 2058 plus
390 2019 513 2058 quam
550 2005 640 2056 lias,
683 2017 784 2057 quas
820 2017 929 2045 mmo
967 2003 1077 2057 legiis,
1121 2004 1361 2045 existimaus
1400 2004 1601 2052 exituras;
1621 2014 1636 2039 ³

264 2064 383 2105 aliter
413 2065 521 2105 euim
550 2063 782 2116 scribimus,
819 2063 926 2115 quod
960 2075 1024 2104 eos
1054 2062 1174 2116 solos,
1211 2062 1355 2114 quibus
1390 2063 1602 2115 mittimus,
1659 2074 1667 2098 x

263 2123 398 2175 aliter,
436 2124 543 2175 quod
571 2123 716 2164 multos
752 2122 919 2163 lecturos
936 2124 1143 2174 putamus.
1206 2121 1365 2163 Deiude
1394 2122 1603 2174 iuyeiiium

263 2182 348 2222 eius
372 2182 596 2223 maioribus
623 2181 750 2223 extuli
781 2180 979 2234 laudibus,
1010 2193 1133 2232 quam
1166 2183 1209 2221 tu
1241 2181 1285 2221 id
1312 2193 1400 2221 vere
1423 2180 1603 2232 potuisse

262 2240 353 2293 fieri
364 2243 502 2293 putas,
520 2241 706 2292 primum
731 2240 837 2292 quod
859 2240 920 2280 ita
941 2238 1193 2280 iudicabam:
1218 2242 1332 2280 acute
1350 2238 1601 2287 moi-ebatur,-

259 2312 386 2352 oenus
425 2299 625 2351 quoddam
661 2298 912 2351 sequebatur,
951 2298 997 2338 iii
1033 2310 1109 2350 quo
1147 2298 1296 2338 iudicio
1334 2297 1488 2351 lapsus,
1525 2306 1632 2350 quoa
