1673 2505
242 119 328 158 414
512 115 810 151 FRAGMENTA
834 115 1054 151 INCERTA.
1081 116 1122 151 Κ.
1150 120 1298 151 28-37,

243 227 312 267 sed
345 226 516 278 antiqua
550 237 649 265 usus
684 227 742 265 est
779 224 1076 273 consuetudine,
1119 225 1302 265 dativum
1329 227 1469 276 posuit
1497 238 1576 277 pro

239 285 432 338 qeneuw,
471 286 518 324 ut
547 282 704 324 Cicero:
742 280 982 335 ‘filiumque
1013 280 1160 322 Verri'
1186 296 1264 334 pro
1296 281 1488 324 ‘Verris'.
1523 306 1573 312 —-

246 341 404 385 Charis.
435 341 467 382 I
484 355 529 394 p.
561 344 624 382 68.
656 342 714 382 20
745 339 948 382 Ciceronis
977 341 1153 392 exemplo
1183 341 1382 392 abstinet]

332 402 400 442 29.
432 399 550 441 Prob.
584 398 724 439 cathol.
755 398 832 439 IV
846 413 890 451 p.
921 401 987 439 43.
1020 402 1046 440 6
1078 398 1350 440 Choriambus
1386 403 1423 440 et
1444 413 1576 452 paeon

245 461 407 500 tertius:
439 457 681 512 composuit
712 457 935 498 rationem.
1614 471 1631 496 5

333 518 400 559 30.
432 517 541 569 Sery.
572 517 729 568 explan.
760 517 806 556 in
836 516 987 557 Donat.
1012 515 1045 556 I
1067 515 1111 555 T.
1137 515 1213 556 IV
1228 529 1273 568 p.
1299 517 1389 557 511.
1415 519 1474 558 28
1499 516 1582 558 Sed

241 577 421 629 plerique
445 575 677 616 nominibus
701 575 911 615 civitatum
935 575 1157 615 iunxerunt
1172 575 1503 627 praepositiones,
1533 579 1582 616 ut

245 635 399 677 Cicero:
431 633 483 674 ad
514 632 758 674 Messanam
790 633 917 673 venit.

335 693 419 744 [31.
453 692 636 733 Gramm.
669 693 715 733 de
745 692 835 733 dub.
866 705 970 732 nom.
999 691 1044 732 Τ.
1077 690 1176 743 Vp.
1208 694 1303 733 576.
1332 695 1359 733 3
1391 690 1578 733 ‘Currus’

241 752 398 804 yeneris
434 751 651 792 masculini
690 753 727 791 et
761 751 847 791 ideo
884 750 1122 791 diminutive
1160 749 1437 799 ecin·ri'eulus,·'
1481 763 1581 792 nam
1600 764 1654 789 ιογ

246 810 380 852 Cicero
413 808 676 850 ‘curriculos’
709 812 745 849 et
776 807 1014 850 ‘curricula’
1047 809 1161 849 dixit.
1196 833 1245 838 —
1275 808 1335 860 Cf.
1362 808 1523 850 Charis.
1554 808 1588 850 I
1648 820 1651 823 '

242 883 281 921 p.
315 872 381 910 77.
414 872 463 909 11
496 866 764 909 ‘Currieulus'
802 868 1022 909 masculine
1057 868 1277 908 deminutio
1308 870 1365 909 est
1395 866 1581 921 ‘currus'‚

244 927 482 968 neutraliter
518 929 651 967 autem
689 925 957 967 tcurriculum
967 925 991 979 ⁹,
1032 927 1211 978 spatium
1250 927 1307 967 ad
1340 927 1582 968 currendum

245 990 386 1038 aptum
415 986 475 1026 vel
504 986 638 1038 ipsum
675 985 864 1026 currendi
900 985 1095 1037 officium,
1132 988 1180 1025 ut
1207 984 1341 1026 Cicero
1376 988 1414 1026 et
1450 985 1581 1026 Varro

247 1045 441 1086 locuntur.
477 1067 526 1072 —
562 1044 668 1085 Non.
693 1058 737 1096 p.
767 1046 863 1085 263.
895 1047 920 1084 1
951 1042 1232 1096 Ὃιιννὶσιιῑῑι3’,
1268 1046 1316 1084 ut
1344 1044 1581 1085 consuetudo
1602 1055 1635 1081 15
1648 1045 1673 1077 15

243 1104 335 1154 fert,
366 1117 392 1143 a
423 1116 546 1143 curru
575 1103 791 1144 diminutio
822 1105 898 1150 est‚·
929 1102 1078 1143 (licitur
1108 1102 1384 1143 brevissimum
1413 1102 1582 1144 vehiculi
1647 1138 1650 1142 ,

246 1162 366 1203 biroti
397 1174 534 1214 yemis.
597 1160 900 1211 ‘Currieulznn',
937 1174 1089 1202 cursus.
1127 1185 1183 1189 —
1220 1161 1283 1202 Id.
1312 1175 1356 1214 p.
1394 1164 1486 1203 198.
1523 1163 1583 1202 27

248 1219 539 1263 ‘Currieulum'
569 1223 711 1261 neutro
738 1233 879 1272 genere
910 1219 1044 1260 Cicero
1079 1219 1242 1260 Timaeo
1272 1219 1328 1272 (p.
1358 1222 1460 1261 222.
1479 1221 1580 1273 35)]
1648 1250 1649 1254 ,

335 1279 402 1320 3⁶2.
441 1278 559 1324 Prob.
600 1279 724 1319 instit.
767 1279 921 1319 artium
961 1279 1005 1318 T.
1042 1277 1118 1318 IV
1144 1292 1188 1330 p.
1225 1281 1318 1319 149.
1355 1281 1411 1319 12
1449 1277 1581 1319 ‘Cum'
1647 1276 1649 1326 ]

246 1339 451 1391 siqnife'eat
474 1341 510 1378 et
533 1337 775 1390 adverbium,
801 1341 846 1377 ut
869 1338 980 1389 apud
999 1335 1247 1378 Ciceronem:
1272 1336 1303 1389 †
1326 1351 1420 1377 eum
1445 1336 1582 1378 fasces
1604 1343 1650 1389 201'

247 1411 342 1438 eum
376 1410 554 1436 secures.

337 1455 422 1506 [33.
449 1453 611 1496 Charis.
636 1453 669 1494 I
686 1468 730 1507 p.
760 1457 853 1496 102.
883 1457 941 1495 20
975 1453 1130 1506 (Ηενεε,
1155 1468 1318 1506 parens,
1348 1453 1480 1496 bomo'
1511 1456 1585 1496 etsi

247 1515 293 1554 in
324 1514 528 1554 communi
557 1526 655 1554 sexu
685 1513 985 1566 intelleyantur‚
1023 1516 1156 1553 tamen
1195 1513 1418 1554 masculino
1445 1526 1585 1565 yenere

247 1586 401 1625 semper
438 1573 638 1613 dicuntur.
700 1571 828 1612 Nemo
867 1572 974 1611 enim
1010 1574 1083 1611 aut
1120 1570 1349 1612 ‘secundam
1390 1571 1583 1613 heredem²

248 1633 346 1672 dicit
380 1634 454 1672 aut
484 1630 650 1671 ‘bonam
676 1629 908 1682 parentem’
940 1633 1015 1670 aut
1046 1629 1219 1670 ‘malam
1248 1629 1480 1680 hominem’,
1517 1631 1587 1672 sed
1603 1641 1637 1668 25

249 1690 481 1742 masculine,
508 1690 665 1730 tametsi
689 1689 736 1729 (le
757 1689 914 1740 femina
937 1702 1064 1729 sermo
1086 1689 1290 1730 habeatur.
1332 1689 1445 1730 Nam
1463 1689 1585 1730 Mar·
1638 1704 1639 1710 ¹

247 1763 315 1790 cus
345 1749 426 1789 ait:
459 1747 646 1788 Heredes
680 1747 798 1801 ipsus
832 1747 1067 1798 secundus]

337 1808 404 1848 34.
430 1807 530 1848 Isid.
559 1806 668 1859 Origs.
694 1806 740 1847 X
756 1809 843 1848 223
860 1820 903 1859 p.
928 1809 1015 1847 342
1043 1806 1132 1847 Otto
1159 1806 1316 1848 Cicero:
1343 1806 1445 1861 quid
1471 1807 1585 1847 enim
1635 1822 1638 1827 ⁴

249 1869 339 1907 bam
371 1865 655 1920 praevarum?
687 1866 733 1906 iol
761 1869 818 1906 est
846 1865 961 1906 valde
990 1879 1145 1906 varum.

338 1924 405 1966 35.
437 1924 577 1976 Pomp.
609 1927 813 1964 comment.
842 1924 887 1964 Τ.
922 1924 961 1964 V
981 1937 1021 1976 p.
1045 1925 1141 1965 254.
1173 1928 1226 1965 31
1257 1924 1446 1977 Leyimus
1477 1924 1589 1977 apud
1606 1935 1621 1960 ³
1672 1966 1673 1972 ,

250 1983 499 2024 Ciceronem:
532 1981 742 2037 Olympus
774 1982 819 2022 in
849 1982 1090 2023 inmensum
1123 1982 1270 2024 editus.

338 2042 405 2082 36.
436 2041 621 2082 Diomed.
653 2041 712 2082 II
731 2055 773 2093 p.
806 2044 901 2083 448.
933 2043 958 2082 5
989 2040 1189 2094 Βὶαἰῃίοη
1219 2045 1277 2083 est
1306 2042 1456 2094 oratio,
1487 2055 1589 2094 quae

249 2101 336 2142 sine
372 2100 718 2141 coniunctionibus
753 2100 880 2141 solute
916 2113 963 2141 ae
998 2100 1234 2152 simpliciter
1270 2100 1436 2151 effertur
1471 2100 1589 2141 nulla
1627 2096 1630 2106 ’

249 2159 526 2200 eoniunetione
556 2159 793 2210 interposita
823 2159 1023 2211 superiori
1053 2159 1275 2212 contraria,
1316 2163 1362 2199 ut
1396 2183 1444 2188 —-
1480 2159 1592 2211 apud

254 2217 458 2258 Tullium:
491 2217 687 2271 pertulit,
720 2217 941 2272 cogitavit.

340 2276 407 2316 37.
434 2275 593 2317 Cledon.
623 2276 666 2316 T.
702 2276 794 2328 Vp.
824 2279 889 2316 76.
914 2278 974 2317 22
1001 2275 1257 2317 ‘Adversmn’
1288 2275 1470 2318 Tullius:
1503 2275 1590 2317 Ad-

251 2349 424 2375 versum
457 2334 573 2389 legeS
607 2349 830 2387 moresque
862 2334 1084 2375 lnaiOl‘Um.
