1663 2490
451 49 538 86 ΜΒ.
566 50 612 85 11.
668 50 767 86 CAP.
794 54 827 95 ε),
853 55 884 86 3.
935 55 953 92 ς
980 55 1105 86 5-11,
1396 51 1451 92 59

109 159 272 200 incerta
304 172 395 199 esse
429 157 592 211 dicunt,
624 158 685 200 sic
717 158 771 199 ab
804 157 870 199 his
904 158 1205 199 dissentientes
1238 158 1324 198 alia
1356 173 1451 212 pro-

64 263 67 265 >
109 217 289 271 habilia,
328 218 477 258 contra
515 216 600 258 alia
639 216 829 258 dicimus.
892 215 1001 265 Quid
1039 219 1104 258 est
1141 216 1292 272 igitur,
1339 217 1449 270 quod
1478 227 1497 257 8

109 290 176 317 me
201 275 408 330 impediat
434 289 494 329 ea,
521 289 628 329 quae
654 275 898 330 probabilia
924 274 1029 316 mihi
1056 274 1292 328 videantur,
1319 275 1451 329 sequi,

109 349 217 389 quae
246 336 414 387 contra,
445 333 674 388 inprobare
708 336 836 388 atque
870 333 1123 375 adfirmandi
1156 334 1450 389 arrogantiam

72 393 319 435 5vitantem
355 392 504 448 fugere
542 392 851 446 temeritatem,
897 407 1004 447 quae
1044 407 1069 434 a
1114 392 1326 446 sapientia
1370 392 1450 433 dis-

108 451 218 494 sidet
255 450 516 506 plurimum‘?
578 449 741 493 Contra
780 455 923 493 autem
961 450 1106 493 omnia
1143 450 1388 506 disputatur
1426 465 1451 492 a

106 510 281 564 nostris,
313 510 426 564 quod
457 509 539 551 hoc
564 510 706 564 ipsum
738 510 964 564 probabile
990 510 1155 552 elucere
1180 524 1266 551 non
1292 512 1450 564 posset,

106 569 190 610 nisi
222 583 271 610 ex
303 571 485 623 utraque
517 571 639 623 parte
672 583 895 610 causarum
929 571 1042 610 esset
1071 568 1188 610 facta
1219 568 1449 610 contentio.

108 626 190 669 Sed
220 628 325 669 haec
357 628 587 682 explanata
625 630 725 668 sunt
761 628 806 668 in
838 627 1104 669 Academicis
1137 627 1298 669 nostris
1331 627 1449 681 satis,

56 698 89 723 ιο
108 689 156 728 ut
188 686 388 740 arbitror,
421 686 661 742 diligenter.
711 685 808 727 Tibi
841 689 996 741 autem,
1028 686 1087 727 mi
1113 685 1273 740 Cicero,
1306 700 1450 741 quam-

109 760 237 800 quam
269 745 314 786 in
340 745 643 799 antiquissima
667 745 1022 800 nobilissimaque
1048 744 1325 800 philosophia
1351 743 1450 786 Cra-

106 805 228 860 tippo
255 806 428 846 auctore
454 804 639 845 versaris
665 803 718 845 iis
746 804 986 858 simillimo,
1021 804 1094 858 qui
1119 804 1204 845 ista
1229 804 1451 858 praeclara

107 865 377 918 pepererunt,
408 865 554 904 tamen
579 862 685 904 haec
709 865 860 904 nostra
883 863 1082 904 finituma
1110 863 1266 904 vestris
1298 863 1450 918 ignota

108 936 200 963 esse
231 922 363 963 nolui.
426 920 507 962 Sed
539 921 624 963 iam
658 921 711 962 ad
742 921 943 963 instituta
973 935 1216 976 pergamus.

55 991 88 1017 15
196 979 391 1034 Quinque
428 980 563 1035 igitur
600 980 839 1021 rationibus
877 980 1113 1035 propositis
1148 979 1279 1022 officii
1310 959 1501 1041 perse-g

108 1039 274 1095 quendi,
307 1053 487 1093 quarum
519 1038 626 1080 duae
656 1039 709 1080 ad
735 1039 860 1080 decus
886 1039 1242 1093 honestatemque
1268 1039 1450 1093 pertine-

106 1101 214 1152 rent,
247 1098 353 1139 duae
386 1097 439 1139 ad
464 1097 690 1139 commoda
713 1098 841 1152 vitae,
873 1097 1031 1153 copias,
1063 1112 1178 1153 opes,
1208 1097 1449 1151 facultates,

108 1157 258 1212 quinta
290 1156 344 1198 ad
375 1156 560 1212 eligendi
591 1156 806 1211 iudicium,
839 1156 875 1197 si
907 1156 1076 1211 quando
1109 1171 1176 1211 ea,
1209 1171 1317 1211 quae
1351 1156 1449 1210 dixi,

106 1230 299 1272 pugnare
330 1215 445 1256 inter
478 1230 522 1256 se
553 1215 817 1269 viderentur,
848 1215 1091 1257 honestatis
1122 1230 1222 1270 pars
1256 1215 1450 1257 confecta

54 1286 87 1311 20
108 1278 191 1329 est,
230 1289 359 1329 quam
397 1274 569 1329 quidem
604 1274 687 1315 tibi
724 1275 847 1330 cupio
887 1289 979 1316 esse
1010 1274 1294 1316 notissimam.
1355 1274 1449 1316 Hoc

109 1337 263 1387 autem,
296 1333 346 1374 de
372 1348 456 1388 quo
481 1348 593 1375 nunc
619 1333 800 1389 agimus,
831 1333 875 1374 id
899 1333 1041 1388 ipsum
1068 1336 1145 1387 est,
1178 1333 1290 1388 quod
1321 1334 1450 1375 utile

108 1393 366 1448 appellatur.
425 1391 477 1433 In
514 1406 598 1446 quo
635 1393 767 1434 verbo
805 1393 928 1447 lapsa
972 1392 1233 1435 consuetudo
1278 1392 1450 1433 deflexit

108 1452 158 1493 de
189 1451 260 1493 via
293 1451 534 1505 sensimque
573 1465 621 1492 eo
660 1451 842 1493 deducta
879 1454 961 1503 est,
999 1454 1048 1492 ut
1083 1450 1357 1493 honestatem
1396 1451 1449 1493 ab

107 1510 297 1552 utilitate
330 1524 551 1552 secernens
584 1510 866 1551 constitueret
892 1524 983 1552 esse
1014 1510 1244 1552 honestum
1276 1510 1450 1565 aliquid,

54 1581 87 1606 25
108 1569 221 1624 quod
258 1569 364 1610 utile
401 1583 488 1610 non
527 1571 656 1623 esset,
695 1571 738 1610 et
775 1569 899 1623 utile,
937 1569 1051 1623 quod
1087 1583 1173 1610 non
1206 1569 1450 1623 honestum,

109 1643 192 1683 qua
215 1628 336 1669 nulla
360 1627 568 1682 pernicies
595 1627 733 1669 maior
752 1628 975 1669 hominum
995 1628 1109 1669 vitae
1132 1628 1276 1682 potuit
1296 1628 1449 1669 afferri.

107 1686 284 1729 Summa
309 1686 479 1741 quidem
507 1686 764 1728 auctoritate
796 1686 1045 1741 philosophi
1078 1701 1222 1728 severe
1255 1701 1356 1728 sane
1389 1689 1449 1728 at·
1480 1698 1519 1728 10

109 1761 189 1801 que
208 1746 387 1787 honeste
407 1745 512 1787 haec
537 1745 623 1786 tria
644 1759 802 1801 genera
821 1745 999 1787 confusa
1019 1745 1282 1801 cogitatione
1302 1745 1449 1787 distin-

108 1807 256 1860 guunt.
302 1803 529 1859 [Quicquid
555 1804 668 1845 enim
693 1804 855 1846 iustum
881 1805 950 1858 sit,
981 1804 1025 1845 id
1056 1804 1187 1846 etiam
1219 1804 1326 1845 utile
1359 1819 1449 1846 esse

54 1874 87 1900 ³0
107 1866 293 1914 censent,
317 1863 506 1918 itemque
533 1863 645 1918 quod
671 1863 912 1917 honestum,
937 1863 1050 1905 idem
1075 1864 1256 1916 iustum3
1288 1878 1338 1904 ex
1365 1878 1447 1918 quo

108 1922 308 1976 efficitur,
345 1924 411 1976 ut,
450 1922 651 1977 quicquid
688 1922 916 1964 honestum
955 1922 1029 1977 sit,
1066 1922 1179 1963 idem
1217 1922 1274 1963 sit
1311 1922 1448 1974 utile]

107 1981 229 2030 Quod
254 1981 327 2036 qui
351 1996 504 2036 parum
530 1981 809 2036 perspiciunt,
832 1981 863 2022 ii
889 1996 1016 2036 saepe
1035 1983 1233 2022 versutos
1253 1981 1448 2023 homines

107 2043 150 2082 et
188 2040 366 2083 callidos
405 2040 667 2081 admirantes
707 2040 919 2082 malitiam
959 2040 1216 2095 sapientiam
1247 2040 1447 2082 iudicant.

108 2098 298 2148 Quorum
330 2113 449 2141 error
480 2099 723 2154 eripiendus
757 2102 823 2141 est
854 2099 1083 2154 opinioque
1109 2099 1248 2140 omnis
1275 2100 1328 2141 ad
1355 2114 1448 2140 eam

55 2169 87 2195 ³5
108 2172 226 2213 spem
257 2157 529 2212 traducenda,
559 2160 608 2199 ut
632 2158 826 2200 honestis
854 2157 1044 2200 consiliis
1074 2158 1283 2212 iustisque
1308 2158 1448 2212 factis,

106 2231 193 2258 non
221 2217 370 2259 fraude
403 2219 446 2258 et
477 2217 644 2259 malitia
677 2232 720 2259 se
752 2217 1011 2272 intellegant
1049 2231 1116 2271 ea,
1154 2231 1262 2272 quae
1300 2217 1447 2271 velint,

108 2276 308 2331 consequi
339 2290 476 2332 posse.
538 2275 655 2325 Quae
687 2291 790 2332 ergo
824 2276 877 2318 ad
907 2276 1042 2318 vitam
1073 2276 1296 2318 hominum
1328 2279 1446 2317 tuen·
1476 2287 1512 2317 11
