1663 2490
131 224 172 255 52

127 1922 169 1953 54

201 105 284 146 150
513 104 635 139 CATO
662 104 817 139 MAIOR
841 104 905 138 DE
933 103 1212 140 SENECTUTE

198 226 294 253 rum
312 227 479 254 morsus
500 212 690 253 munitur
715 212 830 253 vallo
851 212 1091 253 aristarum.
1137 211 1247 261 Quid
1273 227 1353 268 ego
1378 213 1531 255 vitium

198 273 331 324 ortus,
363 274 494 325 satus,
521 271 783 312 incrementa
808 271 1165 312 commemorem?
1215 270 1374 313 Satiari
1399 271 1531 314 delec-

197 330 361 371 tatione
391 344 478 371 non
508 343 702 384 possum,
741 331 789 369 ut
825 342 943 369 meae
976 329 1206 371 senectutis
1237 330 1428 384 requiem
1460 330 1532 372 ob-

198 388 585 441 lectamentumque
626 386 828 428 noscatis.
898 386 1062 429 Omitto
1107 387 1220 429 enim
1262 388 1350 430 vim
1393 389 1531 443 ipsam

199 447 405 499 emnium,
444 460 550 500 quae
588 447 848 501 generantur
885 459 907 486 e
943 448 1077 500 terra3
1115 460 1222 500 quae
1260 461 1310 488 ex
1341 447 1410 489 fici
1440 450 1531 489 tan·

198 505 290 546 tulo
335 519 469 560 grano
514 507 588 545 aut
631 518 681 545 ex
725 504 835 545 acini
877 503 1051 545 vinaceo
1095 507 1169 545 aut
1207 519 1257 546 ex
1294 508 1532 547 ceterarum

197 563 370 618 frugum
409 566 483 604 aut
525 562 723 617 stirpium
766 562 1064 604 minutissimis
1110 563 1342 605 seminibus
1385 567 1531 606 tan-tos

197 625 371 663 truncos
414 635 641 675 ramosque
684 624 889 676 procreet.
956 621 1166 675 Malleoli,
1209 622 1400 677 plantae,
1446 638 1531 664 sar-

198 683 353 734 menta,
379 680 643 734 viviradices,
667 680 925 734 propagines
945 694 1084 721 nonne
1105 679 1306 734 efficiunt,
1325 684 1373 722 ut
1392 696 1532 736 quem-

197 739 262 780 vis
294 753 389 780 cum
422 738 705 780 admiratione
744 738 983 780 delectent?
1043 737 1158 779 Vitis
1198 739 1384 794 quidem,
1423 754 1530 794 quae

195 801 351 839 natura
382 797 539 839 caduca
571 800 636 838 est
667 799 721 850 et,
752 797 835 838 nisi
865 796 977 838 fulta
1008 799 1085 851 est,
1115 797 1252 838 fertur
1281 797 1334 839 ad
1359 800 1531 852 terram,

197 857 361 910 eadem,
404 858 452 897 ut
491 870 534 897 se
573 856 729 911 erigat,
774 855 992 897 claviculis
1037 855 1124 896 suis
1163 856 1285 910 quasi
1322 856 1531 911 manibus,

198 914 395 969 quicquid
422 917 486 956 est
511 917 650 968 nacta,
675 915 991 969 complectitur3
1018 929 1145 968 quam
1166 917 1409 969 serpentem
1428 917 1531 956 mul-

196 973 335 1028 tiplici
372 974 496 1028 lapsu
534 976 576 1015 et
614 973 794 1014 erratico
831 973 945 1014 ferro
990 976 1217 1027 amputans
1258 976 1424 1015 coercet
1462 989 1530 1015 ars

198 1033 496 1087 agricolarum,
521 1047 574 1073 ne
601 1032 801 1073 silvescat
827 1032 1053 1073 sarmentis
1080 1034 1123 1072 et
1147 1031 1192 1072 in
1212 1046 1358 1074 omnes
1383 1036 1530 1087 partes

195 1092 329 1132 nimia
358 1090 572 1132 fundatur.
634 1090 785 1144 Itaque
816 1090 987 1131 ineunte
1018 1104 1116 1131 vere
1148 1090 1193 1131 in
1223 1090 1293 1144 iis,
1331 1105 1439 1145 quae
1470 1106 1531 1132 re-

196 1150 299 1191 licta
330 1153 441 1204 sunt,
473 1149 618 1191 existit
648 1152 870 1203 tamquam
902 1149 955 1190 ad
983 1149 1186 1191 articulos
1214 1152 1531 1191 sarmentorum

197 1223 257 1263 ea,
289 1223 397 1263 quae
429 1222 599 1263 gemma
628 1208 792 1258 dicitur,
825 1223 850 1249 a
876 1222 959 1262 (1113
985 1208 1124 1249 oriens
1151 1223 1235 1249 uva
1261 1223 1305 1249 se
1331 1208 1531 1261 ostendit,

198 1281 305 1321 quae
337 1269 380 1308 et
412 1281 511 1308 suco
543 1269 682 1308 terrae
719 1269 761 1307 et
798 1267 938 1308 calore
976 1266 1080 1308 solis
1119 1280 1351 1320 augescens
1389 1267 1529 1322 primo

198 1328 263 1367 est
287 1326 519 1379 peracerba
545 1327 731 1380 gustatu,
758 1325 906 1366 deinde
934 1328 1150 1366 maturata
1176 1325 1380 1367 dulcescit
1405 1326 1530 1366 vesti·

196 1387 324 1438 taque
362 1384 575 1438 pampinis
618 1398 695 1425 nec
738 1384 903 1425 modico
947 1387 1095 1438 tepore
1138 1386 1255 1425 caret
1293 1387 1336 1425 et
1374 1384 1530 1425 nimios

197 1443 299 1484 solis
345 1442 532 1483 defendit
576 1443 757 1484 ardores.
832 1441 924 1490 Qua
968 1442 1068 1496 quid
1110 1445 1256 1497 potest
1299 1457 1391 1484 esse
1434 1457 1529 1485 cum

194 1501 336 1542 fructu
368 1501 535 1555 laetius,
566 1504 659 1542 tum
690 1503 865 1556 aspectu
896 1500 1147 1556 pulchrius?
1198 1499 1327 1542 Cuius
1360 1501 1529 1555 quidem

194 1575 281 1601 non
311 1560 477 1601 utilitas
511 1574 577 1601 me
610 1560 766 1613 solum,
803 1562 851 1601 ut
889 1562 987 1601 ante
1026 1559 1129 1614 dixi,
1167 1559 1240 1601 sed
1278 1559 1407 1601 etiam
1446 1561 1529 1602 cul-

195 1621 294 1660 tura
325 1621 368 1660 et
398 1621 553 1660 natura
584 1618 678 1674 ipsa
715 1619 917 1673 delectat,
954 1618 1310 1660 adminiculorum
1348 1618 1528 1673 ordines,

195 1678 384 1732 capitum
415 1677 597 1733 iugatio,
634 1677 835 1733 religatio
868 1680 911 1718 et
941 1677 1197 1733 propagatio
1230 1677 1401 1731 vitium,
1443 1691 1528 1719 sar-

195 1739 437 1778 mentorum
470 1751 530 1790 ea,
562 1750 690 1790 quam
722 1736 820 1790 dixi,
852 1736 1034 1778 aliorum
1061 1736 1312 1791 amputatio,
1345 1736 1527 1778 aliorum

194 1795 400 1836 inmissio.
462 1794 572 1843 Quid
610 1809 689 1850 ego
726 1795 1019 1850 irrigationes,
1061 1795 1159 1849 quid
1191 1794 1400 1836 fossiones
1433 1795 1527 1850 agri

195 1854 639 1908 repastinationesque
682 1853 916 1908 proferam,
960 1853 1113 1908 quibus
1150 1853 1199 1894 fit
1237 1853 1373 1895 multo
1412 1856 1528 1895 terra

195 1911 441 1954 fecundior?
481 1912 581 1966 quid
616 1912 665 1953 de
696 1912 886 1954 utilitate
923 1912 1075 1966 loquar
1107 1911 1401 1953 stercorandi?
1443 1912 1529 1953 dixi

194 1970 239 2011 in
270 1985 318 2012 eo
357 1971 486 2024 libro,
525 1986 650 2025 quem
688 1971 738 2012 de
774 1971 901 2012 rebus
939 1970 1110 2012 rusticis
1149 1970 1317 2025 scripsi3
1358 1970 1408 2012 de
1446 1985 1530 2025 qua

195 2030 343 2071 doctus
375 2029 588 2071 Hesiodus
620 2044 672 2071 ne
698 2030 876 2071 verbum
903 2029 1072 2084 quidem
1103 2029 1216 2083 fecit,
1249 2044 1343 2071 eum
1369 2029 1419 2070 de
1446 2030 1529 2071 cul-

194 2090 292 2129 tura
325 2088 418 2143 agri
451 2089 668 2130 scriberet.
718 2088 779 2129 At
803 2088 1028 2142 Homerus,
1062 2087 1133 2142 qui
1159 2088 1319 2142 multis,
1350 2091 1399 2129 ut
1424 2088 1529 2129 mihi

194 2147 372 2201 videtur,
405 2150 503 2187 ante
536 2147 716 2188 saeculis
746 2147 846 2200 fuit,
877 2146 1077 2188 Laertam
1109 2146 1339 2188 lenientem
1371 2146 1528 2188 deside-

1552 752 1584 777 10

1552 1044 1584 1069 15

1551 1338 1583 1362 20

1549 1629 1581 1655 25

1548 1923 1582 1948 30

195 2205 323 2259 rium,
361 2205 473 2259 quod
505 2206 702 2260 capiebat
734 2220 755 2247 6
786 2206 893 2260 filio,
931 2206 1141 2247 colentem
1173 2219 1324 2260 agrum
1357 2208 1400 2246 et
1432 2220 1527 2247 eum
1546 2215 1580 2242 ³⁵

195 2266 503 2305 stercorantem
527 2264 641 2305 facit.
690 2264 732 2306 N
735 2278 781 2307 ec
804 2278 905 2306 vero
931 2263 1149 2320 segetibus
1171 2265 1311 2305 solum
1331 2267 1373 2305 et
1391 2264 1527 2318 pratis

194 2325 237 2363 et
255 2322 389 2364 vineis
415 2325 457 2364 et
483 2323 669 2364 arbustis
696 2338 763 2364 res
789 2323 973 2365 rusticae
999 2323 1138 2364 laetae
1159 2325 1271 2374 sunt,
1297 2322 1370 2364 sed
1388 2322 1527 2364 hortis
