1663 2490
419 97 511 133 LIB.
539 98 565 134 I.
613 98 711 133 CAP.
739 103 796 142 20,
823 104 878 134 21.
924 103 942 141 ἓ
969 104 1117 134 66—72.
1378 101 1436 142 25

96 220 226 260 quam
257 205 369 258 dico,
406 205 769 259 tranquillitatem
807 208 1053 260 expetentes
1087 221 1111 247 a
1142 207 1328 262 negotiis
1360 223 1434 262 pu-

48 269 51 271 ’
95 264 218 306 blicis
251 278 296 305 se
328 264 591 305 removerint
622 264 675 305 ad
708 265 926 319 otiumque
957 263 1245 330 perfugerint3
1282 265 1328 306 in
1364 266 1432 307 his

95 324 139 364 et
173 321 435 364 nobilissimi
472 322 721 388 philosophi
759 323 970 378 longeque
1008 323 1221 378 principes
1264 327 1307 366 et
1345 325 1433 379 (1111-

97 380 195 422 dam
233 381 428 423 homines
461 381 597 422 severi
630 384 672 422 et
705 395 856 437 graves
888 396 965 423 nec
990 382 1139 436 populi
1169 397 1247 424 nec
1278 383 1431 438 princi

59 449 76 476 6
96 454 198 505 pum
230 453 370 481 mores
402 439 514 481 ferre
545 442 796 494 potuerunt,
827 440 1107 494 vixeruntque
1132 455 1218 482 non
1248 441 1358 483 nulli
1389 442 1434 483 in

96 498 213 554 agris
246 497 447 539 delectati
478 512 523 539 re
555 512 633 540 sua
658 498 872 540 familiari.
916 498 996 540 His
1022 499 1135 540 idem
1160 500 1431 555 propositum
1459 511 1503 543 70

94 557 195 611 fuit,
228 556 341 611 quod
372 556 566 612 regibus,
597 559 646 599 ut
676 571 729 598 ne
761 572 845 612 qua
876 572 920 599 re
953 560 1144 614 egerent,
1175 573 1229 600 ne
1261 559 1329 600 0111
1360 574 1431 614 pa-

95 618 257 669 rerent,
289 615 490 657 libertate
522 618 756 670 uterentur,
781 616 899 658 cuius
930 617 1152 671 proprium
1185 620 1250 658 est
1282 618 1342 660 810
1374 618 1432 659 vi-

94 687 205 727 vere,
236 676 286 715 ut
310 674 429 716 velis.
480 673 619 722 Quare
645 689 740 716 cum
766 674 847 717 hoc
873 690 1093 717 commune
1126 676 1182 717 sit
1213 677 1432 731 potentiae
1447 678 1498 719 21

45 744 75 769 ¹0
95 732 345 787 cupidorum
384 747 479 775 cum
516 733 588 787 iis,
626 748 732 787 quos
764 734 868 788 dixi,
907 734 1074 788 otiosis,
1114 735 1239 776 alteri
1271 749 1315 777 se
1348 735 1432 777 adi-

94 791 201 846 pisci
239 791 282 833 id
318 805 445 847 posse
485 792 762 846 arbitrantur,
800 792 836 834 si
875 807 976 847 opes
1015 807 1195 849 magnas
1233 793 1433 847 habeant,

96 850 241 904 alteri,
274 850 310 891 si
342 850 532 892 contenti
563 850 650 892 sint
682 854 724 892 et
757 865 832 893 suo
866 854 908 892 et
940 866 1085 906 parvo.
1136 852 1187 893 In
1219 867 1301 907 quo
1333 867 1433 895 neu-

95 912 262 951 trorum
294 909 466 951 omnino
501 910 809 951 contemnenda
842 910 1055 951 sententia
1087 914 1169 965 est,
1202 911 1275 952 sed
1301 914 1343 953 et
1367 911 1432 953 fa-

95 967 219 1010 cilior
250 969 293 1009 et
318 968 454 1009 tutior
486 971 529 1009 et
554 968 694 1009 minus
727 968 823 1009 aliis
851 969 995 1022 gravis
1027 971 1102 1010 aut
1126 969 1311 1012 molesta
1342 970 1433 1012 vita

43 1036 74 1063 15
94 1028 161 1068 est
192 1026 448 1080 otiosorum,
485 1026 746 1069 fructuosior
784 1029 926 1068 autem
958 1027 1180 1069 hominum
1212 1029 1360 1084 generi
1390 1033 1433 1070 et

94 1085 148 1127 ad
180 1085 424 1127 claritatem
456 1085 866 1140 amplitudinemque
905 1086 1047 1140 aptior
1079 1101 1244 1141 eorum,
1283 1087 1356 1142 qui
1387 1102 1432 1129 se

95 1143 149 1186 ad
180 1158 271 1185 rem
302 1144 520 1199 publicam
561 1146 604 1185 et
634 1144 688 1186 ad
719 1158 898 1200 magnas
931 1159 998 1185 res
1032 1145 1239 1200 gerendas
1271 1160 1432 1188 accom-

94 1202 389 1245 modaverunt.
441 1202 713 1258 Quapropter
745 1206 788 1244 et
818 1203 871 1244 iis
903 1202 1088 1245 forsitan
1120 1204 1432 1247 concedendum
1459 1215 1501 1247 71

95 1261 153 1303 sit
196 1275 286 1303 rem
323 1262 540 1317 publicam
578 1276 663 1303 non
708 1262 1046 1316 capessentibus,
1091 1263 1162 1317 qui
1206 1263 1432 1305 excellenti

41 1331 76 1357 20
94 1320 268 1376 ingenio
302 1320 520 1363 doctrinae
553 1335 644 1362 sese
677 1320 944 1375 dediderunt,
977 1324 1019 1362 et
1050 1321 1120 1375 iis,
1153 1321 1226 1376 qui
1257 1324 1332 1364 aut
1362 1337 1432 1364 va·

96 1378 297 1421 letudinis
329 1379 611 1421 inbecillitate
649 1382 724 1421 aut
761 1379 906 1434 aliqua
944 1380 1140 1435 graviore
1185 1395 1313 1422 causa
1355 1381 1430 1422 im-

94 1437 229 1493 pediti
272 1452 298 1480 a
341 1452 386 1480 re
429 1438 602 1493 publica
645 1441 931 1492 recesserunt,
975 1453 1071 1480 cum
1116 1439 1205 1480 eius
1256 1440 1432 1481 admini-

95 1496 296 1538 strandae
315 1499 578 1552 potestatem
598 1497 694 1538 aliis
721 1497 974 1552 laudemque
1000 1497 1289 1540 concederent.
1333 1498 1431 1548 Qui-

95 1555 175 1597 bus
208 1559 352 1597 autem
384 1556 486 1597 talis
511 1556 631 1597 nulla
661 1556 719 1597 sit
744 1570 889 1610 causa,
916 1556 951 1597 si
978 1556 1192 1611 despicere
1218 1571 1263 1599 se
1289 1557 1434 1599 dicant

41 1625 75 1651 85
95 1629 163 1668 ea,
202 1628 310 1669 quae
346 1614 540 1669 plerique
578 1614 797 1668 mirentur,
834 1615 1015 1670 imperia
1059 1618 1101 1656 et
1137 1616 1434 1672 magistratus,

92 1673 145 1714 iis
176 1687 264 1715 non
295 1673 422 1715 modo
459 1687 546 1715 non
583 1673 718 1740 laudi,
755 1688 904 1715 verum
946 1674 1075 1715 etiam
1108 1674 1214 1716 vitio
1247 1675 1433 1717 dandum

94 1734 219 1787 puto3
251 1746 433 1786 quorum
464 1732 666 1774 iudicium
703 1733 747 1773 in
785 1746 852 1785 eo,
885 1732 997 1786 quod
1030 1733 1214 1788 gloriam
1246 1737 1435 1776 contem-

94 1793 201 1832 nant
217 1793 277 1846 et
307 1805 385 1846 pro
417 1791 553 1833 nihilo
585 1793 755 1846 putent,
787 1766 960 1833 difficile
984 1790 1102 1833 factu
1134 1795 1199 1833 est
1224 1806 1310 1834 non
1335 1808 1433 1848 pro-

89 1843 216 1903 'bare3
249 1849 322 1891 sed
353 1849 551 1891 videntur
582 1849 752 1892 labores
785 1852 827 1891 et
852 1850 1092 1904 molestias,
1117 1853 1211 1892 tum
1237 1851 1432 1893 offensio-

43 1919 76 1945 80
94 1922 199 1950 1111111
225 1911 268 1950 et
287 1909 559 1964 repulsarum
585 1909 709 1975 quasi
734 1908 983 1963 quandam
973 1909 1255 1964 ignominiam
1281 1910 1432 1952 timere

96 1970 139 2008 et
170 1967 406 2009 infamiam.
456 1966 565 2009 Sunt
597 1968 727 2021 enim,
761 1968 833 2022 qui
864 1967 909 2008 in
940 1968 1067 2009 rebus
1100 1969 1327 2010 contrariis
1358 1984 1431 2025 pa-

95 2040 191 2067 rum
217 2026 301 2068 sibi
326 2029 542 2080 constent,
561 2027 828 2082 voluptatem
855 2026 1123 2068 severissime
1143 2030 1433 2083 contemnant,

95 2084 140 2125 in
172 2084 319 2127 dolore
351 2085 438 2127 sint
469 2085 709 2140 molliores,
735 2085 920 2140 gloriam
952 2085 1205 2141 neglegant,
1230 2086 1432 2143 frangan-

96 2146 166 2184 tur
203 2143 399 2198 infamia,
438 2147 566 2199 atque
610 2159 659 2186 ea
697 2144 867 2199 quidem
904 2158 992 2185 non
1029 2145 1136 2186 satis
1174 2148 1432 2188 constanter.

43 2212 77 2238 85
97 2199 179 2243 Sed
209 2202 280 2258 iis,
313 2203 385 2257 qui
411 2202 573 2244 habent
604 2218 629 2245 a
652 2205 810 2245 natura
841 2202 1086 2245 adiumenta
1111 2217 1253 2245 rerum
1287 2219 1431 2261 geren·
1459 2216 1500 2248 72

97 2260 264 2316 darum,
285 2261 451 2303 abiecta
477 2261 594 2303 omni
620 2261 890 2304 cunctatione
905 2257 1178 2317 adipiscendi
1203 2263 1429 2319 magistra-

95 2322 166 2361 tus
199 2323 242 2360 et
274 2320 459 2376 gerenda
496 2335 564 2362 res
596 2320 768 2376 publica
801 2323 884 2374 est3
926 2334 1004 2362 nec
1041 2321 1153 2363 enim
1192 2321 1318 2364 aliter
1356 2326 1430 2364 aut
