<?xml version="1.0" encoding="UTF-8"?>
<!DOCTYPE html PUBLIC "-//W3C//DTD XHTML 1.0 Transitional//EN"
    "http://www.w3.org/TR/xhtml1/DTD/xhtml1-transitional.dtd">
<html xmlns="http://www.w3.org/1999/xhtml" xml:lang="en" lang="en">
 <head>
  <title>
</title>
<meta http-equiv="Content-Type" content="text/html;charset=utf-8" />
  <meta name='ocr-system' content='tesseract 3.04.00' />
  <meta name='ocr-capabilities' content='ocr_page ocr_carea ocr_par ocr_line ocrx_word'/>
</head>
<body>
  <div class='ocr_page' id='page_1' title='image "./p3scriptaquaemanse04ciceuoft_0369.png"; bbox 0 0 1673 2505; ppageno 0'>
   <div class='ocr_carea' id='block_1_1' title="bbox 356 79 1385 123">
    <p class='ocr_par' dir='ltr' id='par_1_1' title="bbox 356 79 1385 123">
     <span class='ocr_line' id='line_1_1' title="bbox 356 79 1385 123; baseline 0.003 -9"><span class='ocrx_word' id='word_1_1' title='bbox 356 79 707 115; x_wconf 88' lang='lat' dir='ltr'><strong>EPISTULARUM.</strong></span> <span class='ocrx_word' id='word_1_2' title='bbox 734 79 774 114; x_wconf 82' lang='lat' dir='ltr'><em>E.</em></span> <span class='ocrx_word' id='word_1_3' title='bbox 800 79 887 116; x_wconf 84' lang='lat' dir='ltr'><em>vlu</em></span> <span class='ocrx_word' id='word_1_4' title='bbox 914 79 1033 115; x_wconf 86' lang='lat' dir='ltr'>6—1X</span> <span class='ocrx_word' id='word_1_5' title='bbox 1059 85 1090 115; x_wconf 81' lang='lat'><em>2.</em></span> <span class='ocrx_word' id='word_1_6' title='bbox 1305 82 1385 123; x_wconf 85' lang='lat'><em>301</em></span> 
     </span>
    </p>
   </div>
   <div class='ocr_carea' id='block_1_2' title="bbox 14 187 1394 1532">
    <p class='ocr_par' dir='ltr' id='par_1_2' title="bbox 55 187 1392 243">
     <span class='ocr_line' id='line_1_2' title="bbox 55 187 1392 243; baseline 0 -13"><span class='ocrx_word' id='word_1_7' title='bbox 55 201 230 243; x_wconf 82' lang='lat' dir='ltr'><em>quarum</em></span> <span class='ocrx_word' id='word_1_8' title='bbox 248 200 332 228; x_wconf 87' lang='lat' dir='ltr'><em>una</em></span> <span class='ocrx_word' id='word_1_9' title='bbox 357 190 414 228; x_wconf 87' lang='lat' dir='ltr'><em>est</em></span> <span class='ocrx_word' id='word_1_10' title='bbox 442 211 506 236; x_wconf 87' lang='lat'><em>—‚</em></span> <span class='ocrx_word' id='word_1_11' title='bbox 531 200 620 228; x_wconf 88' lang='lat' dir='ltr'><em>cum</em></span> <span class='ocrx_word' id='word_1_12' title='bbox 646 187 893 229; x_wconf 88' lang='lat' dir='ltr'><em>subtractum</em></span> <span class='ocrx_word' id='word_1_13' title='bbox 916 187 1076 229; x_wconf 85' lang='lat' dir='ltr'><em>verbum</em></span> <span class='ocrx_word' id='word_1_14' title='bbox 1102 188 1268 240; x_wconf 78' lang='lat' dir='ltr'><em>aliquod</em></span> <span class='ocrx_word' id='word_1_15' title='bbox 1290 190 1392 230; x_wconf 87' lang='lat' dir='ltr'><em>satis</em></span> 
     </span>
    </p>

    <p class='ocr_par' dir='ltr' id='par_1_3' title="bbox 53 244 1390 298">
     <span class='ocr_line' id='line_1_3' title="bbox 53 244 1390 298; baseline -0.001 -9"><span class='ocrx_word' id='word_1_16' title='bbox 53 261 103 289; x_wconf 89' lang='lat' dir='ltr'><em>ex</em></span> <span class='ocrx_word' id='word_1_17' title='bbox 132 246 267 288; x_wconf 87' lang='lat' dir='ltr'><em>ceteris</em></span> <span class='ocrx_word' id='word_1_18' title='bbox 298 245 552 298; x_wconf 60' lang='lat' dir='ltr'><em>intellegitur,</em></span> <span class='ocrx_word' id='word_1_19' title='bbox 583 249 629 286; x_wconf 87' lang='lat' dir='ltr'><em>ut</em></span> <span class='ocrx_word' id='word_1_20' title='bbox 663 270 711 274; x_wconf 97' lang='lat'><strong>—</strong></span> <span class='ocrx_word' id='word_1_21' title='bbox 748 244 883 288; x_wconf 78' lang='lat' dir='ltr'><em>Cicero</em></span> <span class='ocrx_word' id='word_1_22' title='bbox 914 246 971 287; x_wconf 89' lang='lat' dir='ltr'><em>ad</em></span> <span class='ocrx_word' id='word_1_23' title='bbox 998 245 1203 287; x_wconf 79' lang='lat' dir='ltr'><em>Brutum:</em></span> <span class='ocrx_word' id='word_1_24' title='bbox 1242 244 1390 288; x_wconf 82' lang='lat' dir='ltr'><em>Sermo</em></span> 
     </span>
    </p>

    <p class='ocr_par' dir='ltr' id='par_1_4' title="bbox 53 303 1391 359">
     <span class='ocr_line' id='line_1_4' title="bbox 53 303 1391 359; baseline 0 -13"><span class='ocrx_word' id='word_1_25' title='bbox 53 305 197 346; x_wconf 85' lang='lat' dir='ltr'><em>nullus</em></span> <span class='ocrx_word' id='word_1_26' title='bbox 237 303 398 345; x_wconf 80' lang='lat' dir='ltr'><em>scilicet</em></span> <span class='ocrx_word' id='word_1_27' title='bbox 434 303 519 344; x_wconf 87' lang='lat' dir='ltr'><em>nisi</em></span> <span class='ocrx_word' id='word_1_28' title='bbox 557 303 606 345; x_wconf 87' lang='lat' dir='ltr'><em>de</em></span> <span class='ocrx_word' id='word_1_29' title='bbox 650 306 711 358; x_wconf 76' lang='lat' dir='ltr'><em>te3</em></span> <span class='ocrx_word' id='word_1_30' title='bbox 756 304 855 358; x_wconf 87' lang='lat' dir='ltr'><em>quid</em></span> <span class='ocrx_word' id='word_1_31' title='bbox 895 304 1006 346; x_wconf 88' lang='lat' dir='ltr'><em>enim</em></span> <span class='ocrx_word' id='word_1_32' title='bbox 1047 304 1220 359; x_wconf 80' lang='lat' dir='ltr'><em>potius?</em></span> <span class='ocrx_word' id='word_1_33' title='bbox 1282 304 1391 346; x_wconf 87' lang='lat' dir='ltr'><em>Tum</em></span> 
     </span>
    </p>

    <p class='ocr_par' dir='ltr' id='par_1_5' title="bbox 18 360 1390 463">
     <span class='ocr_line' id='line_1_5' title="bbox 53 360 1390 419; baseline -0.001 -14"><span class='ocrx_word' id='word_1_34' title='bbox 53 362 244 405; x_wconf 86' lang='lat' dir='ltr'><em>Flavius:</em></span> <span class='ocrx_word' id='word_1_35' title='bbox 289 360 412 416; x_wconf 87' lang='lat' dir='ltr'><strong>Cras,</strong></span> <span class='ocrx_word' id='word_1_36' title='bbox 453 362 610 417; x_wconf 72' lang='lat' dir='ltr'><em>inquit,</em></span> <span class='ocrx_word' id='word_1_37' title='bbox 647 363 880 417; x_wconf 76' lang='lat' dir='ltr'>tabellarii,</span> <span class='ocrx_word' id='word_1_38' title='bbox 919 365 962 405; x_wconf 72' lang='lat' dir='ltr'><em>ei:</em></span> <span class='ocrx_word' id='word_1_39' title='bbox 999 377 1078 419; x_wconf 85' lang='lat' dir='ltr'><em>ego</em></span> <span class='ocrx_word' id='word_1_40' title='bbox 1116 363 1274 404; x_wconf 84' lang='lat' dir='ltr'>ibidem</span> <span class='ocrx_word' id='word_1_41' title='bbox 1312 363 1390 405; x_wconf 87' lang='lat' dir='ltr'><em>has</em></span> 
     </span>
     <span class='ocr_line' id='line_1_6' title="bbox 18 421 559 463; baseline 0.004 -3"><span class='ocrx_word' id='word_1_42' title='bbox 18 422 165 463; x_wconf 65' lang='lat' dir='ltr'><em>zinter</em></span> <span class='ocrx_word' id='word_1_43' title='bbox 196 435 343 463; x_wconf 86' lang='lat' dir='ltr'><em>cenam</em></span> <span class='ocrx_word' id='word_1_44' title='bbox 376 421 559 462; x_wconf 87' lang='lat' dir='ltr'><em>exaravi.</em></span> 
     </span>
    </p>

    <p class='ocr_par' dir='ltr' id='par_1_6' title="bbox 45 479 1394 708">
     <span class='ocr_line' id='line_1_7' title="bbox 144 479 1392 535; baseline 0.002 -15"><span class='ocrx_word' id='word_1_45' title='bbox 144 479 208 521; x_wconf 86' lang='lat'><em>13.</em></span> <span class='ocrx_word' id='word_1_46' title='bbox 247 479 382 532; x_wconf 74' lang='lat' dir='ltr'><em>Quint.</em></span> <span class='ocrx_word' id='word_1_47' title='bbox 419 479 495 521; x_wconf 93' lang='lat' dir='ltr'><em>IX</em></span> <span class='ocrx_word' id='word_1_48' title='bbox 528 482 567 521; x_wconf 78' lang='lat'><em>4.</em></span> <span class='ocrx_word' id='word_1_49' title='bbox 604 483 659 521; x_wconf 81' lang='grc'><em>41</em></span> <span class='ocrx_word' id='word_1_50' title='bbox 703 479 945 535; x_wconf 75' lang='lat' dir='ltr'><em>Videndum,</em></span> <span class='ocrx_word' id='word_1_51' title='bbox 986 494 1037 522; x_wconf 91' lang='lat' dir='ltr'><em>ne</em></span> <span class='ocrx_word' id='word_1_52' title='bbox 1071 481 1249 534; x_wconf 78' lang='lat' dir='ltr'><em>syllabae</em></span> <span class='ocrx_word' id='word_1_53' title='bbox 1283 481 1392 522; x_wconf 85' lang='lat' dir='ltr'><em>verbi</em></span> 
     </span>
     <span class='ocr_line' id='line_1_8' title="bbox 45 538 1394 593; baseline 0.001 -14"><span class='ocrx_word' id='word_1_54' title='bbox 45 539 201 593; x_wconf 87' lang='lat' dir='ltr'><em>prioris</em></span> <span class='ocrx_word' id='word_1_55' title='bbox 236 538 404 580; x_wconf 86' lang='lat' dir='ltr'><em>ultimae</em></span> <span class='ocrx_word' id='word_1_56' title='bbox 439 541 476 579; x_wconf 93' lang='lat' dir='ltr'><em>et</em></span> <span class='ocrx_word' id='word_1_57' title='bbox 510 539 673 591; x_wconf 84' lang='lat' dir='ltr'><em>primae</em></span> <span class='ocrx_word' id='word_1_58' title='bbox 707 540 906 591; x_wconf 78' lang='lat' dir='ltr'><em>sequentis</em></span> <span class='ocrx_word' id='word_1_59' title='bbox 940 540 1026 581; x_wconf 89' lang='lat' dir='ltr'><em>sint</em></span> <span class='ocrx_word' id='word_1_60' title='bbox 1066 540 1243 589; x_wconf 86' lang='lat' dir='ltr'><em>eaedem;</em></span> <span class='ocrx_word' id='word_1_61' title='bbox 1287 540 1394 593; x_wconf 78' lang='lat' dir='ltr'><em>quod</em></span> 
     </span>
     <span class='ocr_line' id='line_1_9' title="bbox 52 596 1390 652; baseline 0.001 -14"><span class='ocrx_word' id='word_1_62' title='bbox 52 611 101 638; x_wconf 86' lang='lat' dir='ltr'><em>ne</em></span> <span class='ocrx_word' id='word_1_63' title='bbox 136 597 227 650; x_wconf 82' lang='lat' dir='ltr'><em>quis</em></span> <span class='ocrx_word' id='word_1_64' title='bbox 257 597 442 650; x_wconf 75' lang='lat' dir='ltr'><em>praecipi</em></span> <span class='ocrx_word' id='word_1_65' title='bbox 477 598 664 647; x_wconf 86' lang='lat' dir='ltr'><em>miretur,</em></span> <span class='ocrx_word' id='word_1_66' title='bbox 706 596 890 639; x_wconf 83' lang='lat' dir='ltr'><em>Ciceroni</em></span> <span class='ocrx_word' id='word_1_67' title='bbox 925 599 971 640; x_wconf 92' lang='lat' dir='ltr'><em>in</em></span> <span class='ocrx_word' id='word_1_68' title='bbox 1007 599 1188 652; x_wconf 76' lang='lat' dir='ltr'><em>epistulis</em></span> <span class='ocrx_word' id='word_1_69' title='bbox 1223 599 1390 641; x_wconf 77' lang='lat' dir='ltr'><em>excutit:</em></span> 
     </span>
     <span class='ocr_line' id='line_1_10' title="bbox 52 655 934 708; baseline 0.001 -11"><span class='ocrx_word' id='word_1_70' title='bbox 52 655 136 697; x_wconf 89' lang='lat' dir='ltr'><em>Res</em></span> <span class='ocrx_word' id='word_1_71' title='bbox 169 655 275 696; x_wconf 88' lang='lat' dir='ltr'><em>mihi</em></span> <span class='ocrx_word' id='word_1_72' title='bbox 306 656 462 698; x_wconf 87' lang='lat' dir='ltr'><em>invisae</em></span> <span class='ocrx_word' id='word_1_73' title='bbox 491 655 608 697; x_wconf 87' lang='lat' dir='ltr'><em>visae</em></span> <span class='ocrx_word' id='word_1_74' title='bbox 641 658 758 708; x_wconf 74' lang='lat' dir='ltr'><em>sunt,</em></span> <span class='ocrx_word' id='word_1_75' title='bbox 790 655 934 698; x_wconf 76' lang='lat' dir='ltr'><em>Brute.</em></span> 
     </span>
    </p>

    <p class='ocr_par' dir='ltr' id='par_1_7' title="bbox 17 713 1391 1005">
     <span class='ocr_line' id='line_1_11' title="bbox 17 713 1390 769; baseline 0.004 -18"><span class='ocrx_word' id='word_1_76' title='bbox 17 726 34 751; x_wconf 91' lang='lat' dir='ltr'><em>o</em></span> <span class='ocrx_word' id='word_1_77' title='bbox 144 715 208 756; x_wconf 87' lang='lat'><em>14.</em></span> <span class='ocrx_word' id='word_1_78' title='bbox 239 713 376 766; x_wconf 75' lang='lat' dir='ltr'><em>Quint.</em></span> <span class='ocrx_word' id='word_1_79' title='bbox 401 714 462 755; x_wconf 92' lang='lat' dir='ltr'><em>II</em></span> <span class='ocrx_word' id='word_1_80' title='bbox 481 717 548 756; x_wconf 78' lang='lat'><em>20.</em></span> <span class='ocrx_word' id='word_1_81' title='bbox 575 720 601 756; x_wconf 82' lang='lat'><em>9</em></span> <span class='ocrx_word' id='word_1_82' title='bbox 629 714 780 767; x_wconf 70' lang='lat' dir='ltr'><em>Quodsi</em></span> <span class='ocrx_word' id='word_1_83' title='bbox 809 729 856 757; x_wconf 90' lang='lat' dir='ltr'><em>ea</em></span> <span class='ocrx_word' id='word_1_84' title='bbox 888 716 932 757; x_wconf 89' lang='lat' dir='ltr'><em>in</em></span> <span class='ocrx_word' id='word_1_85' title='bbox 962 729 1115 769; x_wconf 78' lang='lat' dir='ltr'><em>quoque</em></span> <span class='ocrx_word' id='word_1_86' title='bbox 1144 715 1390 758; x_wconf 89' lang='lat' dir='ltr'><em>animalium</em></span> 
     </span>
     <span class='ocr_line' id='line_1_12' title="bbox 50 774 1391 827; baseline 0 -11"><span class='ocrx_word' id='word_1_87' title='bbox 50 776 107 816; x_wconf 85' lang='lat' dir='ltr'><em>est</em></span> <span class='ocrx_word' id='word_1_88' title='bbox 135 774 281 823; x_wconf 87' lang='lat' dir='ltr'><em>virtus,</em></span> <span class='ocrx_word' id='word_1_89' title='bbox 318 786 399 826; x_wconf 78' lang='lat' dir='ltr'><em>qua</em></span> <span class='ocrx_word' id='word_1_90' title='bbox 422 777 610 826; x_wconf 78' lang='lat' dir='ltr'><em>praestat</em></span> <span class='ocrx_word' id='word_1_91' title='bbox 645 777 772 815; x_wconf 90' lang='lat' dir='ltr'><em>cetera</em></span> <span class='ocrx_word' id='word_1_92' title='bbox 801 774 861 816; x_wconf 77' lang='lat' dir='ltr'><em>vel</em></span> <span class='ocrx_word' id='word_1_93' title='bbox 885 775 1095 827; x_wconf 75' lang='lat' dir='ltr'><em>pleraque,</em></span> <span class='ocrx_word' id='word_1_94' title='bbox 1132 778 1178 815; x_wconf 85' lang='lat' dir='ltr'><em>ut</em></span> <span class='ocrx_word' id='word_1_95' title='bbox 1207 775 1253 816; x_wconf 92' lang='lat' dir='ltr'><em>in</em></span> <span class='ocrx_word' id='word_1_96' title='bbox 1284 775 1391 816; x_wconf 89' lang='lat' dir='ltr'><em>leone</em></span> 
     </span>
     <span class='ocr_line' id='line_1_13' title="bbox 49 832 1391 887; baseline 0.001 -14"><span class='ocrx_word' id='word_1_97' title='bbox 49 832 237 885; x_wconf 85' lang='lat' dir='ltr'><em>impetus,</em></span> <span class='ocrx_word' id='word_1_98' title='bbox 268 832 314 873; x_wconf 89' lang='lat' dir='ltr'><em>in</em></span> <span class='ocrx_word' id='word_1_99' title='bbox 344 845 441 884; x_wconf 82' lang='lat' dir='ltr'><em>equo</em></span> <span class='ocrx_word' id='word_1_100' title='bbox 470 833 673 883; x_wconf 83' lang='lat' dir='ltr'><em>velocitas,</em></span> <span class='ocrx_word' id='word_1_101' title='bbox 703 832 905 874; x_wconf 80' lang='lat' dir='ltr'><em>hominem</em></span> <span class='ocrx_word' id='word_1_102' title='bbox 928 847 1055 886; x_wconf 88' lang='lat' dir='ltr'><em>porro</em></span> <span class='ocrx_word' id='word_1_103' title='bbox 1085 835 1244 875; x_wconf 88' lang='lat' dir='ltr'><em>ratione</em></span> <span class='ocrx_word' id='word_1_104' title='bbox 1273 837 1391 887; x_wconf 80' lang='lat' dir='ltr'><em>atque</em></span> 
     </span>
     <span class='ocr_line' id='line_1_14' title="bbox 50 891 1389 942; baseline 0.001 -10"><span class='ocrx_word' id='word_1_105' title='bbox 50 891 229 933; x_wconf 88' lang='lat' dir='ltr'><em>oratione</em></span> <span class='ocrx_word' id='word_1_106' title='bbox 259 891 443 932; x_wconf 85' lang='lat' dir='ltr'><em>excellere</em></span> <span class='ocrx_word' id='word_1_107' title='bbox 474 892 610 933; x_wconf 86' lang='lat' dir='ltr'><em>ceteris</em></span> <span class='ocrx_word' id='word_1_108' title='bbox 640 895 791 933; x_wconf 87' lang='lat' dir='ltr'><em>certum</em></span> <span class='ocrx_word' id='word_1_109' title='bbox 822 895 887 942; x_wconf 89' lang='lat' dir='ltr'><em>est,</em></span> <span class='ocrx_word' id='word_1_110' title='bbox 918 905 991 933; x_wconf 88' lang='lat' dir='ltr'><em>cur</em></span> <span class='ocrx_word' id='word_1_111' title='bbox 1020 906 1103 934; x_wconf 92' lang='lat' dir='ltr'><em>non</em></span> <span class='ocrx_word' id='word_1_112' title='bbox 1134 895 1219 933; x_wconf 91' lang='lat' dir='ltr'><em>tam</em></span> <span class='ocrx_word' id='word_1_113' title='bbox 1248 893 1287 933; x_wconf 86' lang='lat' dir='ltr'><em>in</em></span> <span class='ocrx_word' id='word_1_114' title='bbox 1313 893 1389 934; x_wconf 86' lang='lat' dir='ltr'><em>elo-</em></span> 
     </span>
     <span class='ocr_line' id='line_1_15' title="bbox 49 950 1389 1005; baseline 0.002 -15"><span class='ocrx_word' id='word_1_115' title='bbox 49 950 214 1003; x_wconf 76' lang='lat' dir='ltr'><em>quentia</em></span> <span class='ocrx_word' id='word_1_116' title='bbox 249 963 373 1002; x_wconf 82' lang='lat' dir='ltr'><em>quam</em></span> <span class='ocrx_word' id='word_1_117' title='bbox 408 951 454 991; x_wconf 90' lang='lat' dir='ltr'><em>in</em></span> <span class='ocrx_word' id='word_1_118' title='bbox 496 951 653 992; x_wconf 88' lang='lat' dir='ltr'><em>ratione</em></span> <span class='ocrx_word' id='word_1_119' title='bbox 692 951 880 992; x_wconf 84' lang='lat' dir='ltr'><em>virtutem</em></span> <span class='ocrx_word' id='word_1_120' title='bbox 922 952 1007 992; x_wconf 88' lang='lat' dir='ltr'><em>eius</em></span> <span class='ocrx_word' id='word_1_121' title='bbox 1048 964 1129 993; x_wconf 88' lang='lat' dir='ltr'><em>esse</em></span> <span class='ocrx_word' id='word_1_122' title='bbox 1170 952 1389 1005; x_wconf 90' lang='lat' dir='ltr'><em>credamus,</em></span> 
     </span>
    </p>

    <p class='ocr_par' dir='ltr' id='par_1_8' title="bbox 15 1008 1390 1239">
     <span class='ocr_line' id='line_1_16' title="bbox 15 1008 1389 1062; baseline 0.001 -13"><span class='ocrx_word' id='word_1_123' title='bbox 15 1017 31 1044; x_wconf 86' lang='lat'><strong>5</strong></span> <span class='ocrx_word' id='word_1_124' title='bbox 48 1012 224 1062; x_wconf 77' lang='lat' dir='ltr'><em>recteque</em></span> <span class='ocrx_word' id='word_1_125' title='bbox 253 1009 324 1050; x_wconf 79' lang='lat' dir='ltr'><em>hoc</em></span> <span class='ocrx_word' id='word_1_126' title='bbox 353 1009 465 1062; x_wconf 87' lang='lat' dir='ltr'><em>apud</em></span> <span class='ocrx_word' id='word_1_127' title='bbox 489 1008 717 1051; x_wconf 75' lang='lat' dir='ltr'><em>Ciceronem</em></span> <span class='ocrx_word' id='word_1_128' title='bbox 747 1010 898 1051; x_wconf 77' lang='lat' dir='ltr'><em>dixerit</em></span> <span class='ocrx_word' id='word_1_129' title='bbox 922 1009 1095 1052; x_wconf 82' lang='lat' dir='ltr'><em>Crassus</em></span> <span class='ocrx_word' id='word_1_130' title='bbox 1104 1024 1116 1050; x_wconf 96' lang='lat'><em>.·</em></span> <span class='ocrx_word' id='word_1_131' title='bbox 1149 1009 1245 1051; x_wconf 75' lang='lat' dir='ltr'><em>‘Est</em></span> <span class='ocrx_word' id='word_1_132' title='bbox 1277 1010 1389 1051; x_wconf 89' lang='lat' dir='ltr'><em>enim</em></span> 
     </span>
     <span class='ocr_line' id='line_1_17' title="bbox 50 1067 1390 1122; baseline 0.001 -14"><span class='ocrx_word' id='word_1_133' title='bbox 50 1067 293 1121; x_wconf 75' lang='lat' dir='ltr'><em>eloquentia</em></span> <span class='ocrx_word' id='word_1_134' title='bbox 319 1082 403 1108; x_wconf 87' lang='lat' dir='ltr'><em>una</em></span> <span class='ocrx_word' id='word_1_135' title='bbox 430 1067 638 1121; x_wconf 83' lang='lat' dir='ltr'><em>quaedam</em></span> <span class='ocrx_word' id='word_1_136' title='bbox 664 1067 714 1109; x_wconf 86' lang='lat' dir='ltr'><em>de</em></span> <span class='ocrx_word' id='word_1_137' title='bbox 744 1068 922 1109; x_wconf 86' lang='lat' dir='ltr'><em>summis</em></span> <span class='ocrx_word' id='word_1_138' title='bbox 948 1068 1211 1121; x_wconf 79' lang='lat' dir='ltr'><em>virtutibus’,</em></span> <span class='ocrx_word' id='word_1_139' title='bbox 1242 1073 1279 1110; x_wconf 94' lang='lat' dir='ltr'><em>et</em></span> <span class='ocrx_word' id='word_1_140' title='bbox 1308 1070 1390 1122; x_wconf 88' lang='lat' dir='ltr'><em>ipsc</em></span> 
     </span>
     <span class='ocr_line' id='line_1_18' title="bbox 50 1125 1389 1180; baseline 0 -12"><span class='ocrx_word' id='word_1_141' title='bbox 50 1125 186 1168; x_wconf 83' lang='lat' dir='ltr'><em>Cicero</em></span> <span class='ocrx_word' id='word_1_142' title='bbox 216 1139 243 1167; x_wconf 91' lang='lat' dir='ltr'><em>a</em></span> <span class='ocrx_word' id='word_1_143' title='bbox 272 1139 349 1168; x_wconf 88' lang='lat' dir='ltr'><em>sua</em></span> <span class='ocrx_word' id='word_1_144' title='bbox 372 1139 550 1179; x_wconf 84' lang='lat' dir='ltr'><em>persona</em></span> <span class='ocrx_word' id='word_1_145' title='bbox 581 1139 672 1167; x_wconf 87' lang='lat' dir='ltr'><em>cum</em></span> <span class='ocrx_word' id='word_1_146' title='bbox 701 1127 758 1168; x_wconf 89' lang='lat' dir='ltr'><em>ad</em></span> <span class='ocrx_word' id='word_1_147' title='bbox 786 1126 969 1168; x_wconf 84' lang='lat' dir='ltr'><em>Brutum</em></span> <span class='ocrx_word' id='word_1_148' title='bbox 1000 1128 1045 1168; x_wconf 91' lang='lat' dir='ltr'><em>in</em></span> <span class='ocrx_word' id='word_1_149' title='bbox 1076 1128 1269 1180; x_wconf 80' lang='lat' dir='ltr'><em>epistulis,</em></span> <span class='ocrx_word' id='word_1_150' title='bbox 1305 1130 1389 1168; x_wconf 87' lang='lat' dir='ltr'><em>tum</em></span> 
     </span>
     <span class='ocr_line' id='line_1_19' title="bbox 48 1185 994 1239; baseline 0.001 -13"><span class='ocrx_word' id='word_1_151' title='bbox 48 1185 146 1226; x_wconf 88' lang='lat' dir='ltr'><em>aliis</em></span> <span class='ocrx_word' id='word_1_152' title='bbox 176 1185 298 1226; x_wconf 90' lang='lat' dir='ltr'><em>etiam</em></span> <span class='ocrx_word' id='word_1_153' title='bbox 334 1185 428 1227; x_wconf 86' lang='lat' dir='ltr'><em>locis</em></span> <span class='ocrx_word' id='word_1_154' title='bbox 457 1185 645 1226; x_wconf 81' lang='lat' dir='ltr'><em>virtutem</em></span> <span class='ocrx_word' id='word_1_155' title='bbox 676 1199 764 1226; x_wconf 89' lang='lat' dir='ltr'><em>cam</em></span> <span class='ocrx_word' id='word_1_156' title='bbox 795 1186 994 1239; x_wconf 74' lang='lat' dir='ltr'><em>appellet?</em></span> 
     </span>
    </p>

    <p class='ocr_par' dir='ltr' id='par_1_9' title="bbox 141 1243 1390 1298">
     <span class='ocr_line' id='line_1_20' title="bbox 141 1243 1390 1298; baseline 0.002 -14"><span class='ocrx_word' id='word_1_157' title='bbox 141 1243 205 1285; x_wconf 83' lang='lat'><em>15.</em></span> <span class='ocrx_word' id='word_1_158' title='bbox 242 1243 399 1285; x_wconf 88' lang='lat' dir='ltr'><em>Fronto</em></span> <span class='ocrx_word' id='word_1_159' title='bbox 437 1245 546 1297; x_wconf 86' lang='lat' dir='ltr'><em>epist.</em></span> <span class='ocrx_word' id='word_1_160' title='bbox 584 1244 640 1285; x_wconf 90' lang='lat' dir='ltr'><em>ad</em></span> <span class='ocrx_word' id='word_1_161' title='bbox 674 1244 826 1285; x_wconf 86' lang='lat' dir='ltr'><em>Anton.</em></span> <span class='ocrx_word' id='word_1_162' title='bbox 864 1246 959 1298; x_wconf 86' lang='lat' dir='ltr'><em>imp.</em></span> <span class='ocrx_word' id='word_1_163' title='bbox 997 1248 1034 1286; x_wconf 87' lang='lat' dir='ltr'><em>et</em></span> <span class='ocrx_word' id='word_1_164' title='bbox 1070 1245 1240 1286; x_wconf 84' lang='lat' dir='ltr'><em>invicem</em></span> <span class='ocrx_word' id='word_1_165' title='bbox 1277 1245 1338 1286; x_wconf 91' lang='lat' dir='ltr'><em>II</em></span> <span class='ocrx_word' id='word_1_166' title='bbox 1363 1247 1390 1287; x_wconf 89' lang='grc'><strong><em>5</em></strong></span> 
     </span>
    </p>

    <p class='ocr_par' dir='ltr' id='par_1_10' title="bbox 14 1302 1388 1532">
     <span class='ocr_line' id='line_1_21' title="bbox 14 1302 1388 1356; baseline 0.001 -13"><span class='ocrx_word' id='word_1_167' title='bbox 14 1313 84 1356; x_wconf 86' lang='lat' dir='ltr'><em>op.</em></span> <span class='ocrx_word' id='word_1_168' title='bbox 116 1306 198 1344; x_wconf 86' lang='lat'><em>107</em></span> <span class='ocrx_word' id='word_1_169' title='bbox 229 1302 334 1344; x_wconf 88' lang='lat' dir='ltr'><em>Nab.</em></span> <span class='ocrx_word' id='word_1_170' title='bbox 387 1303 485 1344; x_wconf 83' lang='lat' dir='ltr'><em>Tres</em></span> <span class='ocrx_word' id='word_1_171' title='bbox 517 1302 638 1345; x_wconf 89' lang='lat' dir='ltr'><em>libros</em></span> <span class='ocrx_word' id='word_1_172' title='bbox 669 1303 961 1356; x_wconf 72' lang='lat' dir='ltr'><em>(excerptorum</em></span> <span class='ocrx_word' id='word_1_173' title='bbox 992 1317 1040 1345; x_wconf 88' lang='lat' dir='ltr'><em>ex</em></span> <span class='ocrx_word' id='word_1_174' title='bbox 1072 1303 1274 1345; x_wconf 84' lang='lat' dir='ltr'><em>Ciceronis</em></span> <span class='ocrx_word' id='word_1_175' title='bbox 1311 1305 1388 1356; x_wconf 89' lang='lat' dir='ltr'><em>epi-</em></span> 
     </span>
     <span class='ocr_line' id='line_1_22' title="bbox 47 1361 1387 1417; baseline 0.001 -15"><span class='ocrx_word' id='word_1_176' title='bbox 47 1361 197 1417; x_wconf 85' lang='lat' dir='ltr'><em>stulis),</em></span> <span class='ocrx_word' id='word_1_177' title='bbox 228 1362 326 1403; x_wconf 88' lang='lat' dir='ltr'><em>duos</em></span> <span class='ocrx_word' id='word_1_178' title='bbox 353 1362 410 1403; x_wconf 90' lang='lat' dir='ltr'><em>ad</em></span> <span class='ocrx_word' id='word_1_179' title='bbox 431 1361 626 1414; x_wconf 84' lang='lat' dir='ltr'><em>Brutum,</em></span> <span class='ocrx_word' id='word_1_180' title='bbox 655 1375 784 1403; x_wconf 88' lang='lat' dir='ltr'><em>unum</em></span> <span class='ocrx_word' id='word_1_181' title='bbox 809 1363 865 1404; x_wconf 85' lang='lat' dir='ltr'><em>ad</em></span> <span class='ocrx_word' id='word_1_182' title='bbox 887 1362 1058 1412; x_wconf 85' lang='lat' dir='ltr'><em>Axium,</em></span> <span class='ocrx_word' id='word_1_183' title='bbox 1089 1362 1258 1404; x_wconf 80' lang='lat' dir='ltr'><em>describi</em></span> <span class='ocrx_word' id='word_1_184' title='bbox 1283 1363 1387 1404; x_wconf 91' lang='lat' dir='ltr'><em>iube-</em></span> 
     </span>
     <span class='ocr_line' id='line_1_23' title="bbox 48 1420 1387 1472; baseline 0.001 -10"><span class='ocrx_word' id='word_1_185' title='bbox 48 1420 125 1470; x_wconf 85' lang='lat' dir='ltr'><em>bis,</em></span> <span class='ocrx_word' id='word_1_186' title='bbox 164 1421 201 1462; x_wconf 87' lang='lat' dir='ltr'><em>si</em></span> <span class='ocrx_word' id='word_1_187' title='bbox 237 1421 336 1472; x_wconf 80' lang='lat' dir='ltr'><em>quid</em></span> <span class='ocrx_word' id='word_1_188' title='bbox 370 1421 429 1461; x_wconf 83' lang='lat' dir='ltr'><em>rei</em></span> <span class='ocrx_word' id='word_1_189' title='bbox 465 1433 545 1462; x_wconf 87' lang='lat' dir='ltr'><em>esse</em></span> <span class='ocrx_word' id='word_1_190' title='bbox 581 1421 794 1471; x_wconf 85' lang='lat' dir='ltr'><em>videbitur,</em></span> <span class='ocrx_word' id='word_1_191' title='bbox 837 1424 874 1462; x_wconf 85' lang='lat' dir='ltr'><em>et</em></span> <span class='ocrx_word' id='word_1_192' title='bbox 909 1422 1084 1463; x_wconf 89' lang='lat' dir='ltr'><em>remittes</em></span> <span class='ocrx_word' id='word_1_193' title='bbox 1121 1421 1246 1471; x_wconf 56' lang='lat' dir='ltr'><em>milii,</em></span> <span class='ocrx_word' id='word_1_194' title='bbox 1289 1435 1387 1463; x_wconf 87' lang='lat' dir='ltr'><em>nam</em></span> 
     </span>
     <span class='ocr_line' id='line_1_24' title="bbox 48 1479 1046 1532; baseline 0.001 -12"><span class='ocrx_word' id='word_1_195' title='bbox 48 1479 292 1532; x_wconf 82' lang='lat' dir='ltr'><em>exemplares</em></span> <span class='ocrx_word' id='word_1_196' title='bbox 321 1493 460 1521; x_wconf 87' lang='lat' dir='ltr'><em>eorum</em></span> <span class='ocrx_word' id='word_1_197' title='bbox 489 1482 765 1532; x_wconf 86' lang='lat' dir='ltr'><em>excerptorum</em></span> <span class='ocrx_word' id='word_1_198' title='bbox 794 1480 929 1522; x_wconf 89' lang='lat' dir='ltr'><em>nullos</em></span> <span class='ocrx_word' id='word_1_199' title='bbox 957 1481 1046 1532; x_wconf 80' lang='lat' dir='ltr'><em>feci.</em></span> 
     </span>
    </p>
   </div>
   <div class='ocr_carea' id='block_1_3' title="bbox 376 1740 1056 1780">
    <p class='ocr_par' dir='ltr' id='par_1_11' title="bbox 376 1740 1056 1780">
     <span class='ocr_line' id='line_1_25' title="bbox 376 1740 1056 1780; baseline 0.001 -2"><span class='ocrx_word' id='word_1_200' title='bbox 376 1741 442 1778; x_wconf 90' lang='lat' dir='ltr'><em>IX.</em></span> <span class='ocrx_word' id='word_1_201' title='bbox 488 1741 560 1778; x_wconf 90' lang='lat' dir='ltr'><em>AD</em></span> <span class='ocrx_word' id='word_1_202' title='bbox 593 1741 648 1780; x_wconf 88' lang='lat' dir='ltr'><em>M.</em></span> <span class='ocrx_word' id='word_1_203' title='bbox 677 1740 864 1778; x_wconf 86' lang='lat' dir='ltr'><strong>FILIUM</strong></span> <span class='ocrx_word' id='word_1_204' title='bbox 897 1740 995 1779; x_wconf 91' lang='lat' dir='ltr'><em>LIB.</em></span> <span class='ocrx_word' id='word_1_205' title='bbox 1027 1741 1056 1780; x_wconf 95' lang='lat' dir='ltr'><em>I.</em></span> 
     </span>
    </p>
   </div>
   <div class='ocr_carea' id='block_1_4' title="bbox 14 1830 1386 2003">
    <p class='ocr_par' dir='ltr' id='par_1_12' title="bbox 14 1830 1386 2003">
     <span class='ocr_line' id='line_1_26' title="bbox 14 1830 1386 1886; baseline 0.001 -14"><span class='ocrx_word' id='word_1_206' title='bbox 14 1841 30 1865; x_wconf 84' lang='lat'>⁵</span> <span class='ocrx_word' id='word_1_207' title='bbox 139 1831 174 1872; x_wconf 95' lang='lat'><em>1.</em></span> <span class='ocrx_word' id='word_1_208' title='bbox 211 1830 413 1873; x_wconf 86' lang='lat' dir='ltr'><em>Priscian.</em></span> <span class='ocrx_word' id='word_1_209' title='bbox 454 1831 576 1872; x_wconf 88' lang='lat' dir='ltr'><em>VIII</em></span> <span class='ocrx_word' id='word_1_210' title='bbox 600 1835 666 1872; x_wconf 79' lang='grc'><em>17.</em></span> <span class='ocrx_word' id='word_1_211' title='bbox 698 1834 753 1872; x_wconf 83' lang='grc'><em>96</em></span> <span class='ocrx_word' id='word_1_212' title='bbox 785 1845 825 1883; x_wconf 88' lang='lat' dir='ltr'><em>p.</em></span> <span class='ocrx_word' id='word_1_213' title='bbox 857 1834 955 1872; x_wconf 75' lang='lat'><em>444.</em></span> <span class='ocrx_word' id='word_1_214' title='bbox 986 1833 1045 1873; x_wconf 76' lang='lat'><em>24</em></span> <span class='ocrx_word' id='word_1_215' title='bbox 1076 1830 1133 1873; x_wconf 87' lang='grc' dir='ltr'><em>Η.</em></span> <span class='ocrx_word' id='word_1_216' title='bbox 1196 1831 1386 1886; x_wconf 68' lang='lat' dir='ltr'><em>‘Excello,</em></span> 
     </span>
     <span class='ocr_line' id='line_1_27' title="bbox 47 1888 1386 1943; baseline 0.001 -12"><span class='ocrx_word' id='word_1_217' title='bbox 47 1888 215 1931; x_wconf 84' lang='lat' dir='ltr'><em>excellis&#39;</em></span> <span class='ocrx_word' id='word_1_218' title='bbox 248 1893 284 1931; x_wconf 92' lang='lat' dir='ltr'><em>et</em></span> <span class='ocrx_word' id='word_1_219' title='bbox 316 1890 505 1943; x_wconf 75' lang='lat' dir='ltr'><em>‘exeelleo,</em></span> <span class='ocrx_word' id='word_1_220' title='bbox 536 1889 719 1932; x_wconf 61' lang='lat' dir='ltr'><em>excelles?</em></span> <span class='ocrx_word' id='word_1_221' title='bbox 747 1914 801 1919; x_wconf 97' lang='lat'>—</span> <span class='ocrx_word' id='word_1_222' title='bbox 829 1889 964 1932; x_wconf 84' lang='lat' dir='ltr'><em>Cicero</em></span> <span class='ocrx_word' id='word_1_223' title='bbox 995 1891 1040 1931; x_wconf 90' lang='lat' dir='ltr'><em>in</em></span> <span class='ocrx_word' id='word_1_224' title='bbox 1065 1890 1097 1931; x_wconf 92' lang='lat' dir='ltr'><em>I</em></span> <span class='ocrx_word' id='word_1_225' title='bbox 1122 1891 1386 1943; x_wconf 84' lang='lat' dir='ltr'><em>epistularum</em></span> 
     </span>
     <span class='ocr_line' id='line_1_28' title="bbox 46 1948 1384 2003; baseline 0.002 -14"><span class='ocrx_word' id='word_1_226' title='bbox 46 1949 102 1989; x_wconf 88' lang='lat' dir='ltr'><em>ad</em></span> <span class='ocrx_word' id='word_1_227' title='bbox 134 1949 290 2000; x_wconf 76' lang='lat' dir='ltr'><em>filium:</em></span> <span class='ocrx_word' id='word_1_228' title='bbox 336 1948 475 1997; x_wconf 84' lang='lat' dir='ltr'><em>Quare</em></span> <span class='ocrx_word' id='word_1_229' title='bbox 514 1948 632 1990; x_wconf 77' lang='lat' dir='ltr'><em>effice</em></span> <span class='ocrx_word' id='word_1_230' title='bbox 671 1951 714 1990; x_wconf 72' lang='lat' dir='ltr'><em>et</em></span> <span class='ocrx_word' id='word_1_231' title='bbox 753 1948 945 2003; x_wconf 84' lang='lat' dir='ltr'><em>elabora,</em></span> <span class='ocrx_word' id='word_1_232' title='bbox 990 1951 1037 1990; x_wconf 75' lang='lat' dir='ltr'><em>ut</em></span> <span class='ocrx_word' id='word_1_233' title='bbox 1075 1950 1291 1992; x_wconf 82' lang='lat' dir='ltr'><em>excelleas.</em></span> <span class='ocrx_word' id='word_1_234' title='bbox 1334 1975 1384 1980; x_wconf 91' lang='lat'>—</span> 
     </span>
    </p>
   </div>
   <div class='ocr_carea' id='block_1_5' title="bbox 45 2006 821 2062">
    <p class='ocr_par' dir='ltr' id='par_1_13' title="bbox 45 2006 821 2062">
     <span class='ocr_line' id='line_1_29' title="bbox 45 2006 821 2062; baseline 0 -14"><span class='ocrx_word' id='word_1_235' title='bbox 45 2006 160 2048; x_wconf 87' lang='lat' dir='ltr'><em>Idem</em></span> <span class='ocrx_word' id='word_1_236' title='bbox 187 2007 338 2062; x_wconf 73' lang='lat' dir='ltr'><em>fraym.</em></span> <span class='ocrx_word' id='word_1_237' title='bbox 371 2007 416 2050; x_wconf 95' lang='lat' dir='ltr'>X</span> <span class='ocrx_word' id='word_1_238' title='bbox 439 2011 475 2049; x_wconf 84' lang='lat'><em>6.</em></span> <span class='ocrx_word' id='word_1_239' title='bbox 506 2011 562 2050; x_wconf 83' lang='lat'><em>36</em></span> <span class='ocrx_word' id='word_1_240' title='bbox 586 2022 630 2060; x_wconf 84' lang='lat' dir='ltr'><em>p.</em></span> <span class='ocrx_word' id='word_1_241' title='bbox 655 2010 751 2049; x_wconf 74' lang='lat'><em>527.</em></span> <span class='ocrx_word' id='word_1_242' title='bbox 783 2011 821 2049; x_wconf 87' lang='grc'><em>8.</em></span> 
     </span>
    </p>
   </div>
   <div class='ocr_carea' id='block_1_6' title="bbox 471 2110 951 2146">
    <p class='ocr_par' dir='ltr' id='par_1_14' title="bbox 471 2110 951 2146">
     <span class='ocr_line' id='line_1_30' title="bbox 471 2110 951 2146; baseline 0 0"><span class='ocrx_word' id='word_1_243' title='bbox 471 2111 536 2146; x_wconf 89' lang='lat' dir='ltr'><em>AD</em></span> <span class='ocrx_word' id='word_1_244' title='bbox 563 2110 768 2146; x_wconf 91' lang='lat' dir='ltr'><strong>EUNDEM</strong></span> <span class='ocrx_word' id='word_1_245' title='bbox 793 2111 882 2145; x_wconf 92' lang='lat' dir='ltr'><em>LIB.</em></span> <span class='ocrx_word' id='word_1_246' title='bbox 909 2112 951 2146; x_wconf 88' lang='lat' dir='ltr'><em>II.</em></span> 
     </span>
    </p>
   </div>
   <div class='ocr_carea' id='block_1_7' title="bbox 135 2184 1384 2238">
    <p class='ocr_par' dir='ltr' id='par_1_15' title="bbox 135 2184 1384 2238">
     <span class='ocr_line' id='line_1_31' title="bbox 135 2184 1384 2238; baseline 0.002 -13"><span class='ocrx_word' id='word_1_247' title='bbox 135 2184 172 2224; x_wconf 82' lang='lat'><em>2.</em></span> <span class='ocrx_word' id='word_1_248' title='bbox 205 2184 367 2226; x_wconf 89' lang='lat' dir='ltr'><em>Nonius</em></span> <span class='ocrx_word' id='word_1_249' title='bbox 391 2198 434 2237; x_wconf 90' lang='lat' dir='ltr'><em>p.</em></span> <span class='ocrx_word' id='word_1_250' title='bbox 465 2184 561 2226; x_wconf 79' lang='lat'><em>275.</em></span> <span class='ocrx_word' id='word_1_251' title='bbox 593 2187 649 2226; x_wconf 83' lang='lat'><em>17</em></span> <span class='ocrx_word' id='word_1_252' title='bbox 679 2184 741 2225; x_wconf 87' lang='lat' dir='ltr'><em>M.</em></span> <span class='ocrx_word' id='word_1_253' title='bbox 775 2185 937 2226; x_wconf 83' lang='lat' dir='ltr'><em>Tullius</em></span> <span class='ocrx_word' id='word_1_254' title='bbox 967 2185 1024 2226; x_wconf 89' lang='lat' dir='ltr'><em>ad</em></span> <span class='ocrx_word' id='word_1_255' title='bbox 1051 2185 1185 2238; x_wconf 69' lang='lat' dir='ltr'><em>filium</em></span> <span class='ocrx_word' id='word_1_256' title='bbox 1218 2185 1283 2227; x_wconf 87' lang='lat' dir='ltr'><em>lib.</em></span> <span class='ocrx_word' id='word_1_257' title='bbox 1309 2186 1384 2226; x_wconf 86' lang='lat' dir='ltr'><em>II:</em></span> 
     </span>
    </p>
   </div>
   <div class='ocr_carea' id='block_1_8' title="bbox 46 2241 1384 2343">
    <p class='ocr_par' dir='ltr' id='par_1_16' title="bbox 46 2241 1384 2343">
     <span class='ocr_line' id='line_1_32' title="bbox 46 2241 1384 2299; baseline 0.002 -16"><span class='ocrx_word' id='word_1_258' title='bbox 46 2241 112 2283; x_wconf 85' lang='lat' dir='ltr'><em>cui</em></span> <span class='ocrx_word' id='word_1_259' title='bbox 138 2256 230 2297; x_wconf 86' lang='lat' dir='ltr'><em>ego,</em></span> <span class='ocrx_word' id='word_1_260' title='bbox 260 2243 594 2298; x_wconf 78' lang='lat' dir='ltr'><em>quibuscumque</em></span> <span class='ocrx_word' id='word_1_261' title='bbox 621 2243 747 2284; x_wconf 82' lang='lat' dir='ltr'><em>rebus</em></span> <span class='ocrx_word' id='word_1_262' title='bbox 772 2246 935 2299; x_wconf 76' lang='lat' dir='ltr'><em>potero,</em></span> <span class='ocrx_word' id='word_1_263' title='bbox 965 2244 1248 2286; x_wconf 78' lang='lat' dir='ltr'><em>libentissime</em></span> <span class='ocrx_word' id='word_1_264' title='bbox 1274 2259 1384 2286; x_wconf 84' lang='lat' dir='ltr'><em>eom-</em></span> 
     </span>
     <span class='ocr_line' id='line_1_33' title="bbox 47 2301 242 2343; baseline 0 -1"><span class='ocrx_word' id='word_1_265' title='bbox 47 2301 242 2343; x_wconf 82' lang='lat' dir='ltr'><em>modabo.</em></span> 
     </span>
    </p>
   </div>
  </div>
 </body>
</html>
