1663 2490
451 96 540 134 ΜΒ.
567 97 628 134 111.
672 97 772 133 cAP.
800 101 831 141 6,
859 100 890 132 τ.
935 99 954 138 5
980 100 1129 131 28—34.
1402 95 1457 135 99

121 205 266 248 inutili
292 205 345 247 ad
371 204 622 260 sapientem,
647 205 824 259 bonum,
849 204 1005 245 fortem
1033 203 1172 244 virum
1198 202 1459 245 transferan-

121 268 193 307 tur
217 278 285 306 res
312 264 365 306 ad
390 263 618 305 vivendum
643 264 926 313 necessariae,
953 263 1025 317 qui
1051 262 1087 303 si
1114 261 1327 316 occiderit,
1353 262 1459 303 mul-

120 327 214 365 tum
252 323 302 364 de
340 322 555 365 communi
594 322 783 364 utilitate
816 322 1066 375 detraxerit,
1113 321 1238 362 modo
1276 321 1357 362 hoc
1396 320 1459 361 ita

121 382 270 436 faciat,
301 384 350 423 ut
380 396 432 422 ne
464 381 555 436 ipse
587 381 637 423 de
664 396 708 422 se
742 382 848 423 bene
875 381 1125 422 existimans
1158 394 1334 434 seseque
1367 379 1457 420 dili-

88 452 228 498 5gens
265 441 377 482 113Πο
416 454 589 482 causam
627 440 788 481 habeat
825 440 878 481 ad
914 439 1124 481 iniuriam.
1186 437 1255 479 Ita
1293 452 1460 493 semper

123 499 264 542 officio
308 498 514 554 fungetur
556 498 741 540 utilitati
787 499 1012 540 consulens
1056 497 1280 540 hominum
1325 500 1367 538 et
1410 496 1459 550 ei,

123 574 251 614 quam
296 572 422 612 saepe
461 572 767 611 commemoro,
808 557 1020 599 humanae
1065 556 1273 598 societati.
1345 554 1460 596 Nam
1486 567 1528 598 32

124 617 236 672 quod
258 616 310 658 ad
330 616 551 658 Phalarim
572 616 746 667 attinet,
766 616 969 671 perfacile
989 616 1190 658 iudicium
1211 618 1288 657 est.
1326 613 1461 656 Nulla

124 679 189 718 est
216 676 328 717 enim
355 675 537 717 societas
564 675 689 716 nobis
716 690 811 717 cum
832 675 1046 729 tyrannis,
1067 678 1109 716 et
1128 674 1272 730 potius
1294 688 1461 715 summa

73 748 104 772 ιο
124 735 347 777 distractio
375 737 460 785 est,
485 749 621 788 neque
649 737 713 775 est
739 737 889 776 contra
914 737 1113 775 naturam
1140 733 1327 788 spoliare
1353 747 1461 786 eum,

124 794 161 835 si
191 794 350 849 possiS,
382 808 507 848 quem
540 796 605 834 est
630 793 857 835 honestum
882 807 1050 842 necare,
1077 795 1205 846 atque
1229 792 1311 834 hoe
1337 805 1462 833 omne

125 867 259 909 genus
290 851 542 908 pestiferum
574 854 703 907 atque
733 852 912 906 impium
945 866 996 892 ex
1027 851 1250 892 hominum
1277 865 1462 892 commu-

124 912 260 953 nitate
293 911 661 953 exterminandum
694 913 770 952 est.
820 910 1005 964 Etenim,
1037 914 1086 951 ut
1118 910 1312 951 membra
1338 923 1461 963 quae-

125 971 222 1012 dam
267 972 558 1025 amputantur,
603 970 638 1011 si
683 972 725 1011 et
768 969 863 1024 ipsa
908 970 1114 1024 sanguine
1159 971 1201 1010 et
1238 971 1462 1022 tamquam

72 1040 105 1066 15
125 1029 281 1084 spiritu
319 1043 461 1070 carere
494 1031 725 1081 coeperunt
769 1030 812 1069 et
854 1030 1009 1069 nocent
1046 1027 1224 1082 reliquis
1265 1028 1461 1082 partibus

124 1087 335 1143 00190118,-
365 1087 425 1129 sic
457 1087 543 1128 ista
574 1087 617 1128 in
649 1088 790 1143 figura
820 1087 1006 1128 hominis
1032 1086 1182 1128 feritas
1215 1089 1258 1127 et
1283 1085 1463 1126 inmani-

123 1150 192 1188 tas
223 1146 374 1187 beluae
408 1161 432 1187 a
463 1146 678 1188 communi
715 1148 936 1200 tamquam
969 1145 1252 1187 humanitatis
1285 1158 1463 1199 corpore

125 1205 393 1261 segreganda
425 1207 500 1246 est.
561 1204 699 1246 Huius
739 1205 906 1260 generis
941 1204 1212 1258 quaestiones
1245 1205 1346 1244 sunt
1377 1218 1463 1245 om-

124 1279 199 1306 nes
232 1278 322 1317 eae,
354 1264 399 1305 in
431 1264 584 1318 quibus
618 1279 668 1305 ex
700 1266 892 1319 tempore
926 1263 1114 1305 officium
1147 1263 1396 1317 exquiritur.

73 1335 106 1361 20
212 1322 319 1364 Eius
357 1322 472 1364 modi
509 1323 644 1378 igitur
676 1322 799 1364 credo
838 1337 904 1364 res
937 1322 1190 1364 Panaetium
1223 1323 1464 1377 persecutu-
1499 1323 1508 1346 ί

125 1397 220 1423 111111
251 1381 404 1435 fuisse,
441 1381 524 1423 nisi
557 1382 690 1436 aliqui
729 1395 851 1423 casus
885 1384 958 1422 aut
991 1381 1214 1436 occupatio
1247 1381 1336 1422 eius
1369 1394 1464 1422 con-

127 1442 270 1482 silium
303 1440 568 1495 peremisset.
623 1440 692 1482 Ad
724 1455 829 1494 quas
871 1440 986 1495 ipsas
1026 1440 1364 1482 consultationes
1397 1453 1463 1480 su-

126 1500 365 1555 perioribus
392 1499 515 1540 libris
542 1499 647 1540 satis
675 1500 812 1540 multa
837 1502 1066 1554 praecepta
1092 1502 1205 1553 sunt,
1234 1513 1281 1540 ex
1311 1498 1464 1553 quibus

126 1558 310 1615 perspici
343 1558 499 1613 possit,
531 1558 632 1613 quid
665 1558 721 1599 sit
752 1561 929 1613 propter
960 1558 1269 1613 turpitudinem
1302 1557 1465 1612 fugien-

75 1629 107 1654 25
128 1618 245 1671 (111111,
279 1617 379 1671 quid
411 1617 485 1670 sit,
518 1617 631 1671 quod
661 1617 817 1659 idcirco
850 1617 1100 1672 fugiendum
1131 1632 1218 1658 non
1245 1617 1319 1670 sit,
1353 1615 1466 1669 quod

127 1676 299 1718 omnino
332 1679 457 1731 turpe
494 1691 580 1717 non
618 1676 686 1718 sit.
747 1674 829 1717 Sed
862 1676 1063 1730 quoniam
1102 1675 1220 1730 operi
1249 1675 1465 1729 inchoato,

126 1750 259 1791 prope
291 1738 437 1776 tamen
463 1735 664 1776 absoluto
697 1737 918 1789 tamquam
950 1734 1175 1790 fastigium
1207 1733 1465 1789 inponimus,

127 1797 177 1835 ut
208 1797 453 1850 geometrae
486 1794 626 1835 solent
657 1809 744 1835 non
771 1794 914 1835 omnia
941 1793 1107 1844 docere,
1133 1793 1206 1834 sed
1230 1793 1466 1848 postulare,

127 1856 177 1894 ut
209 1853 417 1908 quaedam
454 1852 537 1894 sibi
575 1853 872 1905 concedantur,
912 1867 994 1907 quo
1026 1852 1211 1906 facilius,
1251 1866 1358 1906 quae
1395 1866 1466 1893 vo-

77 1923 110 1948 30
128 1912 241 1966 lunt,
280 1911 510 1967 explicent,
549 1911 608 1954 sic
646 1926 726 1967 ego
766 1927 790 1953 a
827 1914 868 1952 te
901 1912 1092 1966 postulo,
1125 1912 1183 1952 mi
1216 1909 1380 1964 Cicero,
1418 1912 1467 1951 ut

128 1971 234 2012 mihi
272 1971 494 2025 concedas,
532 1970 568 2011 si
606 1974 747 2025 potes,
784 1970 892 2011 nihil
930 1973 1101 2025 praeter
1132 1971 1191 2024 id,
1237 1969 1350 2024 quod
1393 1969 1466 2010 ho-

128 2032 298 2072 nestum
331 2030 404 2083 sit,
436 2032 613 2084 propter
640 2044 684 2071 se
711 2044 803 2071 esse
830 2030 1123 2084 expetendum.
1174 2028 1249 2070 Sin
1274 2028 1355 2069 1100
1379 2042 1467 2070 non

129 2089 229 2130 lieet
265 2103 342 2144 per
380 2087 650 2143 Cratippum,
689 2091 734 2130 at
770 2088 877 2129 illud
915 2091 1028 2130 certe
1066 2088 1204 2139 dabis,
1243 2087 1356 2142 quod
1393 2087 1467 2128 ho-

129 2150 298 2189 nestum
335 2147 410 2198 sit,
447 2147 491 2188 id
528 2162 619 2189 esse
658 2162 854 2188 maxume
886 2151 1063 2202 propter
1095 2162 1139 2189 se
1172 2145 1466 2202 expetendum.

78 2217 110 2242 85
129 2205 237 2248 Mihi
273 2206 484 2248 utrumvis
523 2207 629 2248 satis
668 2210 734 2247 est
775 2209 816 2247 et
854 2209 946 2247 tum
978 2206 1077 2261 hoe,
1109 2209 1202 2247 tum
1232 2205 1339 2246 illud
1372 2219 1466 2259 pro-

129 2265 315 2306 babilius
358 2265 527 2307 videtur
569 2280 646 2307 nec
690 2267 913 2320 praeterea
958 2265 1185 2320 quicquam
1229 2263 1465 2320 probabile.

130 2327 193 2366 Ac
229 2324 413 2378 primum
452 2325 496 2365 in
532 2324 614 2366 1100
645 2323 876 2366 Panaetius
916 2323 1200 2365 defendendus
1239 2326 1321 2377 est,
1355 2321 1467 2377 quod
1492 2333 1536 2364 34

1211 2390 1257 2422 7*
