1663 2490
410 70 499 107 LIB.
525 71 569 106 Π.
620 70 720 106 CAP.
750 74 897 106 17—19.
947 73 966 113 ς
992 73 1140 120 60—e5.
1387 67 1442 108 79

103 193 326 221 munerum
353 179 482 233 longe
509 181 742 233 antepon03
773 178 878 220 haec
904 179 970 219 est
995 177 1191 233 gravium
1219 176 1442 217 hominum

104 242 232 292 atque
258 252 525 293 magnorum,
556 237 635 278 illa
661 237 783 291 quasi
809 236 1132 278 adsentatorum
1158 235 1308 290 populi
1337 235 1442 275 mul-

103 296 301 338 titudinis
334 296 556 338 levitatem
582 296 806 350 voluptate
839 295 961 350 quasi
993 294 1278 335 titillantium.
1334 292 1441 335 Con-

102 355 246 397 veniet
284 358 427 396 autem
465 369 560 396 cum
597 354 642 395 in
674 355 812 396 dando
845 354 1092 395 munificum
1124 367 1234 406 esse,
1274 355 1367 393 tum
1398 351 1444 392 in

68 413 311 470 sexigendo
348 428 435 455 non
478 413 679 455 acerbum
721 413 765 454 in
809 413 1008 467 omnique
1050 426 1096 453 re
1140 410 1443 463 contrahenda,

103 473 328 514 vendundo
367 473 561 526 emendo,
599 472 869 514 conducendo
907 471 1105 524 locando,
1148 469 1443 511 vicinitatibus

104 534 147 573 et
172 531 378 585 confiniis,
405 546 599 585 aequum,
623 530 807 581 facilem,
834 532 972 572 multa
997 529 1145 571 multis
1173 529 1223 571 de
1249 543 1326 570 suo
1352 528 1443 569 iure

104 590 335 644 cedentem,
367 605 392 632 a
423 590 573 631 litibus
605 604 719 642 vero,
751 593 958 644 quantum
989 590 1118 631 liceat
1146 591 1189 630 et
1212 587 1355 629 nescio
1389 602 1444 628 an

103 649 232 704 paulo
257 649 355 704 plus
382 649 524 702 etiam,
551 664 680 704 quam
699 648 840 703 liceat,
865 649 1179 690 abhorrentem.
1228 646 1310 688 Est
1330 647 1444 688 enim

53 719 85 744 ¹⁰
104 722 191 750 non
221 708 347 750 modo
379 708 557 750 liberale
588 708 765 763 paulum
795 722 882 749 non
912 722 1146 762 numquam
1173 707 1223 748 de
1250 720 1326 747 suo
1352 705 1444 746 iure

105 767 321 820 decedere,
359 767 433 808 sed
468 767 683 808 interdum
726 766 857 808 etiam
893 766 1172 808 fructuosum.
1233 764 1445 806 Habenda

105 829 248 867 autem
286 826 398 868 ratio
437 829 502 867 est
539 826 600 867 rei
642 826 887 880 familiaris,
932 840 1061 880 quam
1102 824 1272 879 quidem
1311 823 1441 864 dilabi

105 885 242 926 sinere
273 885 538 941 flagitiosum
570 887 648 939 est,
679 885 752 926 sed
781 885 855 935 ita,
886 887 935 925 ut
959 883 1283 925 inliberalitatis
1310 882 1442 924 avari-

104 944 274 998 tiaeque
307 944 421 985 absit
452 944 658 999 suspici03
690 958 816 998 posse
841 943 955 984 enim
980 942 1244 984 liberalitate
1269 942 1334 983 uti
1359 955 1444 983 non

51 1013 85 1039 15
105 1003 363 1057 spoliantem
395 1017 439 1044 se
478 1003 740 1057 patrimonio
771 1002 974 1043 nimirum
1006 1004 1072 1043 est
1102 1001 1306 1056 pecimiae
1338 1000 1443 1041 fruc-

103 1064 174 1103 tus
199 1061 423 1104 maximus
471 1061 604 1103 Recte
633 1061 764 1102 etiam
790 1076 815 1102 a
840 1060 1140 1115 Theophrasto
1173 1062 1239 1101 est
1270 1059 1445 1100 laudata

103 1120 401 1175 hospitalitas,
433 1123 498 1162 est
530 1120 655 1173 enim,
686 1123 735 1161 ut
765 1119 873 1161 mihi
905 1120 1076 1174 quidem
1107 1118 1289 1171 videtur,
1320 1117 1446 1159 valde

104 1179 316 1221 decorum.
328 1182 486 1234 patere.
502 1179 663 1221 domus.
677 1179 901 1221 hominum
926 1178 1174 1219 inlustrium
1200 1177 1445 1232 hospitibus

103 1238 377 1292 inlustribus,
414 1238 541 1293 idque
579 1238 710 1279 etiam
748 1238 810 1279 rei
847 1237 1045 1293 publicae
1083 1240 1149 1278 est
1181 1238 1446 1289 ornamento,

50 1308 85 1333 20
102 1297 298 1339 homines
319 1300 517 1339 externos
536 1297 618 1339 hoc
638 1296 914 1338 liberalitatis
936 1310 1089 1352 genere
1108 1296 1152 1337 in
1171 1295 1278 1337 urbe
1296 1297 1448 1337 nostra

103 1371 190 1397 non
215 1370 351 1412 egere.
399 1356 481 1398 Est
507 1359 651 1398 autem
677 1357 808 1398 etiam
833 1356 1109 1397 vehementer
1140 1355 1246 1396 utile
1276 1354 1342 1403 iis,
1375 1354 1446 1408 qui

103 1415 284 1457 honeste
315 1430 442 1471 posse
473 1416 659 1457 multum
690 1416 860 1469 volunt,
901 1429 977 1470 per
1008 1413 1203 1469 hospites
1236 1414 1347 1468 apud
1380 1427 1447 1454 ex-

103 1477 249 1516 ternos
280 1475 464 1529 populos
496 1475 640 1516 valere
670 1474 823 1529 opibus
850 1476 893 1515 et
919 1473 1072 1529 gratia.
1121 1472 1446 1527 Theophrastus

105 1533 276 1588 quidem
307 1533 459 1575 scribit
485 1532 705 1575 Cimonem
731 1533 916 1575 Athenis
944 1533 1073 1574 etiam
1103 1531 1150 1573 in
1181 1546 1281 1573 suos
1313 1531 1446 1573 curia-

50 1602 85 1629 15
103 1593 166 1634 les
198 1592 403 1634 Laciadas
435 1592 697 1648 hospitalem
729 1592 879 1646 fuisse3
909 1591 972 1632 ita
998 1591 1112 1633 enim
1136 1590 1378 1632 instituisse
1404 1593 1447 1631 et

102 1651 241 1693 vilicis
273 1651 565 1707 imperavisse,
596 1654 646 1692 ut
671 1651 815 1693 omnia
839 1650 1160 1706 praeberentur,
1191 1649 1446 1704 quicumque

102 1710 307 1752 Laciades
338 1711 385 1752 in
414 1711 566 1752 villam
599 1725 720 1752 suam
755 1709 1019 1751 devertisset.

192 1768 308 1818 Quae
334 1772 478 1811 autem
505 1784 647 1824 opera,
677 1783 764 1811 non
789 1768 1021 1824 largitione
1046 1768 1253 1809 beneficia
1278 1767 1446 1821 dantur,

103 1829 208 1871 haec
233 1831 326 1870 tum
350 1829 397 1870 in
422 1828 667 1870 universam
692 1843 783 1870 rem
808 1828 1038 1883 publicam,
1063 1829 1157 1868 tum
1183 1827 1228 1867 in
1251 1798 1492 1893 singulos6

51 1897 84 1924 ³0
103 1889 215 1930 cives
237 1887 527 1930 conferuntur.
570 1887 721 1929 Nam
709 1902 755 1928 1n
779 1887 869 1928 iure
896 1901 1058 1940 cavere,
1089 1885 1267 1927 consilio
1298 1885 1446 1927 iuvare

104 1950 232 2002 atque
269 1947 352 1989 hoc
389 1947 594 1989 scientiae
633 1960 786 2002 genere
830 1945 1032 2001 prodesse
1077 1959 1205 1999 quam
1248 1944 1446 2000 plurimis

102 2006 378 2048 vehementer
415 2009 458 2048 et
496 2006 549 2048 ad
588 2020 689 2061 opes
726 2004 941 2060 augendas
974 2003 1162 2059 pertinet
1193 2005 1237 2045 et
1268 2003 1321 2045 ad
1353 2017 1447 2058 gra-

102 2065 221 2107 tiam.
292 2064 445 2120 Itaque
490 2080 586 2107 cum
629 2064 768 2106 multa
810 2063 1032 2119 praeclara
1073 2062 1304 2117 maiorum,
1352 2065 1447 2103 tum

104 2125 216 2179 quod
248 2124 410 2180 optime
441 2124 667 2166 constituti
697 2123 802 2165 iuris
835 2122 974 2164 civilis
1003 2136 1170 2163 summo
1203 2135 1371 2177 semper
1401 2121 1447 2162 in

50 2193 84 2220 ⁵5
102 2183 264 2225 honore
289 2183 373 2224 fuit
399 2183 588 2239 cognitio
616 2186 744 2237 atque
768 2181 1089 2236 interpretati03
1121 2195 1249 2235 quam
1275 2180 1446 2235 quidem

103 2245 202 2284 ante
238 2242 350 2284 hanc
387 2242 681 2284 confusionem
715 2244 960 2295 temporum
990 2240 1036 2281 in
1065 2239 1337 2295 possessione
1369 2253 1447 2280 sua

100 2302 316 2357 principes
336 2301 617 2356 retinuerunt,
635 2315 761 2355 nunc,
780 2303 829 2341 ut
848 2299 1046 2355 honores,
1071 2301 1121 2340 ut
1140 2312 1288 2341 omnes
1311 2297 1446 2354 digni-

1468 303 1512 335 64

1462 1745 1515 1786 19
