1663 2490
75 689 108 714 10

76 981 108 1007 15

77 1277 111 1302 20

76 1571 111 1596 25

79 1865 112 1890 30

480 39 567 76 LIB.
593 39 656 75 111.
696 38 795 75 CAP.
812 43 854 83 2,
880 43 912 74 3.
950 42 970 81 g
996 43 1122 74 7-15.
1412 40 1468 81 93

129 149 238 191 dere.
299 147 450 203 Itaque
495 147 734 202 accepimus
773 145 991 189 Socratem
1037 145 1247 187 exsecrari
1291 147 1466 189 solitum

128 221 218 258 eos,
262 207 334 261 qui
377 206 563 261 primum
607 205 711 247 haec
754 209 910 248 natura
953 205 1226 247 cohaerentia
1269 205 1469 260 opinione

128 265 438 308 distraxissent.
501 263 581 306 Cui
613 264 782 319 quidem
814 265 878 306 ita
909 267 1009 305 sunt
1040 262 1173 305 Stoici
1206 263 1389 317 adsensi,
1420 267 1469 306 ut

127 327 186 377 et,
225 324 424 379 quicquid
456 324 686 364 honestum
724 327 854 376 esset,
892 323 934 364 id
972 322 1078 364 utile
1117 336 1209 363 esse
1247 326 1470 364 censerent

127 398 202 425 nec
222 383 328 424 utile
349 383 589 437 quicquam,
610 382 722 436 quod
740 397 824 423 non
846 382 1085 423 honestum.
1118 380 1278 429 Quodsi
1299 381 1335 422 is
1356 384 1469 423 esset

126 441 374 494 Panaetius,
419 441 492 495 qui
529 441 733 482 virtutem
772 444 1000 495 propterea
1037 440 1259 482 colendam
1299 440 1470 494 diceret,

127 500 240 555 quod
272 515 321 542 ea
353 499 540 541 efficiens
573 499 778 541 utilitatis
811 502 941 552 esset,
978 501 1026 540 ut
1057 499 1105 553 ii,
1144 499 1217 553 qui
1249 513 1315 540 res
1348 513 1470 554 expe-

126 559 276 601 tendas
307 560 374 600 vel
407 559 630 612 voluptate
662 559 729 599 vel
762 558 996 599 indolentia
1030 558 1284 611 metiuntur,
1322 557 1471 599 liceret

128 618 164 659 ei
197 618 335 660 dicere
367 617 602 659 utilitatem
630 617 858 671 aliquando
887 632 981 658 cum
1006 617 1234 658 honestate
1259 630 1471 672 pugnare3

129 677 201 718 sed
239 691 333 718 cum
373 676 430 717 sit
467 677 522 729 is,
567 676 639 730 qui
676 676 719 717 id
763 676 902 718 solum
942 676 1099 717 bonum
1138 675 1312 729 iudicet,
1357 675 1468 730 quod

128 736 355 777 honestum
390 735 458 786 sit,
490 749 598 789 quae
631 737 774 776 autem
806 734 905 776 huic
938 737 1178 800 repugnent
1206 734 1344 789 specie
1371 749 1470 788 qua-

129 794 226 836 dam
246 794 465 846 utilitatiS,
491 808 638 835 eorum
659 808 794 859 neque
821 794 1062 835 accessione
1088 793 1309 835 meliorem
1335 793 1469 835 vitam

128 853 221 895 fieri
245 867 322 895 nec
348 852 591 894 decessione
616 853 817 907 peiorem
849 866 932 894 non
963 852 1131 893 videtur
1158 852 1354 893 debuisse
1381 853 1471 894 eius

129 912 244 953 modi
277 911 629 953 deliberationem
667 911 956 964 introducere,
992 911 1038 952 in
1075 926 1176 965 qua,
1214 911 1326 965 quod
1365 911 1471 952 utile

130 971 362 1025 videretur,
394 985 490 1012 cum
523 985 590 1023 eo,
623 970 736 1024 quod
766 970 996 1011 honestum
1028 972 1106 1022 est,
1137 972 1471 1024 compararetur.

129 1029 302 1071 Etenim
336 1029 447 1083 quod
480 1043 695 1070 summum
726 1029 886 1070 bonum
919 1043 944 1070 a
975 1027 1132 1070 Stoicis
1165 1028 1339 1082 dicitur,
1378 1043 1472 1070 con-

127 1088 346 1130 venienter
383 1090 564 1129 naturae
602 1087 762 1141 vivere,
805 1087 848 1128 id
886 1087 1019 1128 habet
1055 1087 1183 1141 hanc,
1221 1090 1270 1128 ut
1308 1087 1474 1142 opinor,

129 1147 404 1188 sententiam:
455 1161 551 1188 cum
600 1147 762 1187 virtute
811 1160 1046 1202 congruere
1096 1160 1282 1201 semper,
1332 1148 1474 1188 cetera

129 1210 290 1259 autem,
323 1220 430 1260 quae
463 1205 692 1247 seeundum
723 1207 924 1246 naturam
957 1207 1117 1259 essent,
1149 1205 1211 1246 ita
1243 1205 1405 1260 legere,
1437 1205 1474 1246 si

131 1279 180 1306 ea
210 1264 363 1306 virtuti
393 1278 479 1306 non
507 1267 809 1320 repugnarent.
861 1263 982 1312 Quod
1007 1279 1103 1305 cum
1128 1264 1191 1305 ita
1217 1264 1285 1317 sit,
1317 1266 1474 1318 putant

130 1323 303 1379 quidam
339 1323 449 1365 hanc
488 1323 853 1377 comparationem
894 1337 981 1364 non
1018 1326 1132 1364 recte
1170 1322 1474 1376 introductam,

128 1397 205 1424 nec
249 1382 422 1424 omnino
467 1381 518 1423 de
562 1396 610 1423 eo
657 1396 811 1437 genere
857 1382 1085 1436 quicquam
1126 1381 1473 1436 praecipiendum

129 1441 271 1483 fuisse.
333 1440 469 1495 Atqui
516 1440 625 1482 illud
663 1440 833 1495 quidem
864 1441 1112 1494 honestum,
1151 1440 1264 1494 quod
1301 1440 1474 1495 proprie

129 1514 312 1554 vereque
351 1499 522 1553 dicitur,
560 1499 602 1540 id
640 1499 684 1540 in
723 1499 989 1554 sapientibus
1028 1502 1094 1541 est
1131 1499 1235 1540 solis
1273 1513 1411 1553 neque
1450 1514 1475 1540 a

130 1558 290 1600 virtute
323 1558 469 1600 divelli
500 1573 704 1612 umquam
737 1561 898 1612 potest3
936 1558 979 1599 in
1018 1559 1070 1599 iis
1104 1561 1266 1608 autem,
1302 1558 1347 1598 in
1386 1558 1476 1611 qui-

130 1618 209 1660 bus
248 1617 461 1672 sapientia
497 1617 689 1672 perfecta
724 1632 811 1659 non
849 1620 932 1671 est,
975 1617 1118 1672 ipsum
1157 1616 1265 1658 illud
1304 1616 1474 1671 quidem

129 1676 366 1732 perfectum
397 1676 626 1718 honestum
656 1676 777 1717 nullo
804 1676 943 1729 modo,
975 1675 1278 1717 similitudines
1304 1675 1476 1717 honesti

130 1750 222 1777 esse
253 1738 447 1790 possunt.
498 1734 617 1776 Haec
649 1735 762 1776 enim
795 1735 948 1788 officia,
981 1735 1030 1776 de
1064 1734 1218 1789 quibus
1250 1734 1317 1775 his
1350 1734 1474 1775 libris

131 1794 413 1849 disputamus,
438 1794 579 1835 media
599 1792 732 1835 Stoici
760 1794 1000 1848 appellant3
1032 1808 1081 1835 ea
1106 1793 1350 1835 communia
1375 1795 1475 1834 sunt

131 1855 174 1894 et
211 1854 298 1894 late
335 1855 505 1908 pateut3
547 1867 654 1907 quae
694 1856 737 1894 et
773 1852 935 1908 ingenii
972 1852 1167 1894 bonitate
1204 1852 1333 1893 multi
1365 1866 1475 1893 asse-

132 1914 320 1967 quuntur
358 1914 401 1953 et
438 1912 741 1967 progressione
781 1911 979 1953 discendi.
1041 1911 1155 1952 Illud
1197 1914 1340 1952 autem
1385 1910 1475 1952 offi-

131 1970 260 2022 cium,
292 1971 406 2025 quod
443 1973 608 2012 lectum
645 1970 758 2012 idem
796 1970 1035 2026 appellant,
1075 1969 1315 2025 perfectum
1347 1972 1475 2024 atque

132 2029 380 2072 absolutum
424 2020 583 2071 esf—*⁴*
534 2032 593 2084 et,
636 2032 686 2071 ut
726 2029 838 2070 idem
883 2029 1045 2083 dicunt,
1090 2043 1236 2070 omnes
1273 2043 1475 2070 numeros

130 2088 263 2130 habet
304 2103 382 2130 nec
425 2091 598 2144 praeter
642 2088 880 2143 sapientem
925 2088 1073 2130 cadere
1122 2088 1167 2129 in
1217 2102 1475 2142 quemquam

1499 393 1539 424 12

1500 1040 1542 1072 13

1504 1745 1546 1776 14

79 2157 112 2184 ³5
132 2149 288 2201 potest.
339 2146 447 2189 Cum
479 2150 624 2189 autem
656 2147 818 2201 aliquid
850 2150 993 2188 actum
1025 2150 1111 2201 est,
1141 2146 1187 2188 in
1219 2161 1302 2201 quo
1335 2147 1475 2187 media
1504 2157 1545 2188 15

133 2205 275 2248 officia
300 2209 589 2261 compareant,
614 2206 657 2247 id
683 2207 898 2248 cumulate
919 2206 1088 2247 videtur
1113 2220 1204 2246 esse
1224 2204 1474 2260 perfectum,

132 2267 361 2320 propterea
387 2265 500 2319 quod
525 2265 693 2321 volgus,
726 2265 826 2319 quid
853 2265 967 2306 absit
993 2279 1018 2306 a
1042 2264 1244 2320 perfecto,
1275 2279 1361 2305 non
1386 2264 1475 2305 fere
