1673 2505
217 105 303 146 342
725 106 1026 142 FRAGMENTA

218 213 303 254 lum
333 209 451 268 παρὰ
483 215 776 267 προσδοκίαν,
806 215 891 256 nisi
920 217 1060 267 cetera,
1100 228 1203 267 quae
1230 217 1328 256 sunt
1355 227 1383 255 a
1412 227 1475 256 me
1503 215 1550 256 in

216 272 386 313 secundo
419 272 519 313 libro
550 273 597 314 de
627 275 783 314 oratore
804 285 882 325 per
911 272 1069 314 Antoni
1095 286 1313 325 personam
1343 273 1551 326 disputata

217 331 263 371 de
286 331 482 381 ridiculis,
514 331 693 384 ἐὼτεχνα
717 333 756 371 et
777 334 925 383 aryuta
948 331 1209 386 adparebant,
1231 335 1279 373 ut
1300 335 1549 374 sacramento

217 390 432 430 contendas
462 402 551 429 mea
579 402 664 430 non
693 402 784 430 esse.

306 447 344 488 2.
382 446 460 489 Cic.
495 446 596 498 fam.
634 446 728 488 XV
756 450 822 489 21.
858 449 890 489 2
918 461 977 489 ex.
1013 447 1137 489 Liber
1171 448 1262 502 iste,
1297 461 1414 501 quem
1449 448 1552 490 milii
1587 462 1604 487 5

217 506 382 558 misisti,
421 508 618 558 quantam
654 505 771 547 habet
805 506 1113 547 declarationem
1149 506 1302 548 amoris
1339 507 1426 548 tui!
1463 507 1551 559 pri-

217 577 342 617 mum,
371 564 478 615 quod
507 564 579 605 tibi
606 564 782 616 facetum
811 565 978 615 videtur,
1007 565 1199 617 quicquid
1222 578 1289 618 eqo
1319 566 1417 615 dixi,
1447 566 1554 617 quod

217 622 313 663 aliis
347 622 519 673 fortasse
554 635 637 664 non
672 623 787 673 item‚·
831 623 986 673 deinde,
1028 624 1135 677 quod
1171 623 1262 675 illa,
1303 624 1385 665 sive
1418 623 1551 675 faceta

216 683 314 721 sunt
335 681 416 722 sive
438 694 560 734 secus,
584 681 692 734 siunt
708 685 905 722 narrante
924 685 959 722 te
979 682 1281 731 venustissima,·
1306 683 1406 734 quin
1429 683 1551 723 etiam

217 742 321 791 ante,
345 752 468 792 quam
486 740 543 781 ad
559 753 621 781 me
645 741 842 794 veniatur,
866 741 976 781 risus
993 741 1126 782 omnis
1140 753 1273 794 paene
1289 741 1549 782 consumitur.
1571 754 1603 779 10

306 797 344 838 3.
382 797 461 840 Cic.
498 798 599 850 fam.
637 798 713 839 IX
745 802 810 840 16.
848 801 875 839 4
911 798 1006 851 Ipse
1043 798 1194 840 Caesar
1235 798 1352 840 liabet
1383 812 1551 851 peracre

217 856 426 909 iudicium,
450 860 497 910 et,
521 860 568 898 ut
589 856 765 907 Servius,
787 858 918 909 frater
942 861 1046 908 tuus,
1072 871 1188 910 quem
1213 857 1551 899 litteratissimum

215 914 343 966 fuisse
372 916 521 968 iudico,
559 915 681 967 facile
716 916 880 957 diceret:
919 915 1002 957 ‘liic
1030 929 1166 957 versus
1196 915 1342 957 Plauti
1370 929 1454 957 non
1484 919 1551 970 est,

215 972 280 1014 liic
321 973 410 1023 est',
452 975 559 1026 quod
600 975 720 1016 tritas
761 975 876 1016 auris
917 973 1077 1016 liaberet
1117 975 1307 1016 notandis
1341 975 1552 1027 yeneribus

213 1034 422 1084 poetarum
460 1036 497 1074 et
535 1033 816 1074 consuetudine
858 1033 1026 1086 leyendi,
1067 1033 1126 1074 sic
1166 1034 1289 1074 audio
1327 1032 1550 1083 Caesarem,
1572 1044 1604 1070 15

215 1103 308 1131 cum
344 1091 553 1132 volumina
590 1093 676 1133 iam
711 1092 921 1144 confecerit
955 1087 1335 1145 ἀποφθεγμάτων,
1374 1092 1412 1133 si
1448 1092 1554 1145 quod

216 1149 429 1200 adferatur
459 1151 515 1192 ad
544 1163 634 1191 eum
656 1163 737 1203 pro
768 1164 870 1204 meo,
906 1151 1012 1203 quod
1040 1164 1172 1191 meum
1202 1164 1284 1192 non
1307 1151 1376 1200 sit,
1407 1151 1552 1191 reicere

215 1208 359 1257 solere,·
401 1210 508 1261 quod
541 1223 583 1250 eo
619 1222 729 1250 nunc
764 1210 895 1262 mayis
928 1210 1045 1260 facit,
1089 1209 1187 1262 quia
1223 1209 1364 1250 vivunt
1398 1222 1551 1250 mecum

214 1266 297 1318 fere
327 1268 470 1308 cotidie
500 1268 614 1309 illius
635 1268 876 1319 familiares.
919 1267 1116 1309 Incidunt
1139 1270 1273 1308 autem
1296 1268 1342 1308 in
1371 1280 1552 1309 sermone

216 1326 330 1366 vario
360 1326 501 1380 multa,
531 1340 632 1378 quae
660 1326 833 1377 fortasse
861 1326 957 1378 illis,
988 1339 1079 1367 cum
1109 1327 1209 1379 dixi,
1238 1339 1310 1367 nec
1340 1326 1552 1367 illitterata
1571 1337 1604 1362 20

215 1396 284 1424 nec
314 1384 473 1425 insulsa
503 1398 583 1426 esse
611 1385 844 1433 videantur;
882 1384 978 1426 llaec
1013 1385 1069 1426 ad
1101 1385 1220 1425 illum
1257 1397 1347 1425 cum
1383 1385 1552 1437 reliquis

216 1443 317 1484 actis
338 1443 624 1495 perferuntum
663 1444 722 1484 ita
758 1444 865 1484 enim
902 1444 985 1495 ipse
1014 1443 1235 1484 mandavit.
1295 1442 1366 1484 Sic
1393 1443 1458 1495 fit,
1495 1446 1551 1497 ut,

216 1501 253 1541 si
288 1502 388 1553 quid
408 1505 620 1553 praeterea
656 1502 704 1542 de
738 1515 801 1542 me
836 1502 996 1551 audiat,
1031 1514 1115 1542 non
1150 1502 1398 1543 audiendum
1429 1505 1550 1554 putet.

303 1559 343 1600 4.
373 1560 555 1602 Macrob.
580 1559 749 1602 Saturn.
774 1560 834 1601 II
852 1564 888 1601 1.
912 1563 966 1602 10
990 1560 1282 1601 Animaduerto
1313 1561 1423 1612 duos,
1452 1573 1551 1613 quos

215 1618 556 1670 eloquentissimos
586 1620 758 1671 antiqua
787 1622 900 1660 aetas
930 1619 1032 1672 tulit,
1063 1620 1256 1660 comicum
1286 1618 1486 1659 Plautum
1515 1622 1552 1659 ct
1570 1633 1604 1658 25
1664 1632 1670 1657 ε

216 1679 414 1718 oratorem
442 1677 635 1728 Tullium,
666 1690 730 1719 eos
759 1678 897 1718 ambos
926 1678 1049 1719 etiam
1078 1678 1135 1719 ad
1162 1678 1340 1718 iocorum
1370 1680 1551 1719 venusta-

216 1738 293 1776 tem
328 1737 465 1777 ceteris
497 1736 758 1789 praestitisse.
824 1736 1002 1778 Plautus
1042 1737 1201 1789 quidem
1243 1750 1290 1777 ea
1331 1749 1375 1777 re
1416 1736 1552 1778 clarus

213 1794 312 1848 fuit,
343 1798 390 1835 ut
410 1798 506 1847 post
533 1799 701 1837 mortem
731 1796 816 1836 eius
846 1795 1086 1846 comoediae,
1117 1808 1218 1848 quae
1247 1795 1423 1836 incertae
1449 1794 1550 1846 fere-

216 1853 376 1905 bantur,
407 1854 630 1895 Plautinae
661 1857 795 1895 tamen
825 1867 905 1895 esse
934 1855 982 1895 de
1011 1855 1188 1895 iocorum
1212 1854 1328 1906 copia
1351 1866 1551 1895 nosceren-

216 1915 292 1952 tur.
343 1911 478 1954 Gicero
502 1916 637 1954 autem
660 1916 860 1965 quantum
883 1914 929 1954 in
958 1926 1006 1954 ea
1035 1925 1080 1954 re
1107 1913 1291 1962 valuerit,
1321 1913 1412 1965 quis
1441 1913 1550 1965 iyno-
1570 1926 1604 1951 30

214 1974 298 2022 rat,
335 1972 407 2023 qui
442 1971 502 2012 vel
542 1972 674 2014 liberti
703 1973 788 2014 eius
819 1971 956 2022 libros,
992 1985 1090 2024 quos
1119 1972 1155 2013 is
1185 1972 1232 2012 de
1260 1972 1358 2012 iocis
1381 1971 1552 2024 patroni

215 2030 444 2083 composuit,
469 2044 567 2083 quos
589 2031 757 2083 quidam
782 2031 910 2083 ipsius
926 2034 1081 2083 putant
1103 2043 1193 2081 esse,
1219 2030 1341 2083 leyere
1365 2029 1550 2071 curavit?

303 2087 342 2129 5.
382 2088 551 2139 Quintil.
590 2089 654 2131 VI
682 2093 719 2130 3.
751 2091 776 2130 5
815 2089 982 2132 Utinam
1019 2089 1183 2130 libertus
1221 2090 1306 2130 eius
1345 2089 1443 2130 Tiro
1479 2091 1553 2129 aut

214 2146 334 2196 alius,
365 2149 548 2200 quisquis
575 2148 670 2199 fuit,
701 2149 772 2200 qui
803 2148 878 2189 tris
907 2147 982 2189 hac
1012 2148 1058 2189 de
1081 2161 1124 2189 re
1149 2147 1270 2189 libros
1294 2147 1428 2196 edidit,
1451 2161 1550 2200 par-

214 2205 300 2247 cius
330 2206 529 2247 dictorum
558 2220 725 2248 numero
756 2207 1018 2248 indulsissent
1046 2209 1083 2247 et
1104 2206 1202 2259 plus
1232 2206 1376 2247 iudicii
1405 2207 1451 2247 in
1481 2205 1551 2247 eli·
1570 2216 1604 2243 ³5
1634 2233 1639 2242 .
1666 2224 1671 2248 ε

211 2264 352 2317 yendis
387 2278 511 2317 quam
547 2266 593 2306 in
630 2266 884 2319 conyerendis
920 2265 1046 2307 studii
1081 2265 1376 2314 adliibuissent,·
1413 2265 1551 2306 minus

214 2322 383 2365 obiectus
413 2324 758 2366 calumniantibus
784 2324 900 2377 soret.
