1663 2490
456 14 545 50 LIB.
572 15 615 49 II.
662 14 763 50 CAP.
793 20 918 49 9—11.
963 20 982 57 ἓ
1008 19 1158 51 34—40.
1415 16 1471 57 69

133 123 213 165 bus
244 122 388 164 nullus
422 122 558 177 labor,
590 123 711 164 nulla
741 123 965 177 industria,
996 123 1117 164 nulla
1142 137 1243 165 cura
1268 126 1345 165 est.
1388 124 1472 166 Ad·
1498 135 1541 164 37

134 181 361 223 miratione
395 184 538 223 autem
571 182 827 224 adficiuntur
852 182 894 236 ii,
927 182 999 237 qui
1026 182 1188 223 anteire
1214 183 1366 224 ceteris
1392 183 1473 224 vir-

133 243 225 282 tute
264 243 472 295 putantur
498 244 540 281 et
573 255 668 282 cum
695 242 811 282 omni
838 255 981 283 carere
1008 240 1228 296 dedecore,
1253 244 1345 283 tum
1371 256 1471 283 vero

131 299 183 340 iis
228 299 364 354 vitiis,
409 299 563 353 quibus
610 300 686 340 alii
730 314 816 341 non
859 300 986 342 facile
1029 302 1214 355 possunt
1251 300 1472 342 obsistere.

96 357 245 399 ⁵Nam
291 361 334 399 et
371 358 636 413 voluptates,
679 359 1000 400 blandissumae
1039 359 1254 413 dominae,
1297 360 1472 401 maioris

131 418 270 472 partis
303 417 470 459 animos
509 432 534 458 a
565 417 726 459 virtute
766 418 1023 472 detorquent
1054 420 1115 471 et,
1147 418 1345 459 dolorum
1378 433 1472 461 cum

132 477 414 518 admoventur
450 475 584 528 faces,
622 479 793 531 praeter
832 478 1004 518 modum
1036 477 1229 532 plerique
1261 480 1473 519 exterren-

129 538 219 589 tur3
250 535 341 576 vita
373 550 501 589 mors,
533 535 708 576 divitiae
740 539 973 591 paupertas
1001 550 1148 578 omnes
1179 536 1375 578 homines
1404 551 1471 578 ve-

131 594 455 636 hementissime
486 597 751 649 permovent.
803 594 918 643 Quae
946 596 1019 650 qui
1050 595 1095 636 in
1119 598 1347 650 utramque
1378 611 1473 651 par-

80 665 111 688 10
131 655 219 695 tem
252 653 420 695 excelso
454 654 596 695 animo
623 669 864 709 magnoque
891 654 1152 710 despiciunt,
1184 669 1364 709 cumque
1396 655 1474 696 ali-

0 713 12 737 ¹⁹
131 727 215 767 qua
245 712 298 753 iis
333 713 478 767 ampla
511 716 553 754 et
578 713 763 754 honesta
788 728 855 754 res
884 714 1052 756 obiecta
1079 716 1162 767 est,
1193 716 1309 755 totos
1343 714 1397 755 ad
1429 729 1473 756 se

131 772 344 813 convertit
382 775 425 813 et
463 772 595 827 rapit,
636 776 728 813 tum
763 773 856 827 quis
889 787 974 814 non
1007 772 1242 814 admiretur
1274 773 1473 828 splendo-

130 845 220 872 rem
253 830 700 886 pulchritudinemque
733 831 937 873 virtutis‘?
987 831 1106 887 Ergo
1141 834 1183 873 et
1208 832 1314 874 haec
1341 832 1472 874 animi
1492 818 1543 900 13}

131 889 411 944 despicientia
437 890 820 932 admirabilitatem
847 905 1050 945 magnam
1076 891 1182 932 facit
1208 894 1251 932 et
1276 906 1473 933 maxume

78 959 110 984 1⁵
131 949 317 1002 iustitia,
350 963 400 990 ex
433 964 516 1003 qua
548 964 633 990 una
658 949 819 991 virtute
844 950 926 991 viri
952 950 1054 991 boni
1080 950 1367 1005 appellantur,
1398 951 1473 992 mi-

1 1008 14 1033 ¹⁵
128 1008 249 1050 rifica
280 1007 490 1062 quaedam
523 1008 790 1050 multitudini
822 1008 1003 1062 videtur,
1033 1023 1110 1050 nec
1142 1008 1317 1063 iniuria3
1347 1024 1473 1052 nemo

130 1067 242 1108 enim
285 1067 425 1108 iustus
470 1081 561 1109 esse
605 1070 769 1122 potest,
814 1068 886 1122 qui
924 1070 1125 1122 mortem,
1164 1068 1237 1122 qui
1269 1068 1473 1120 dolorem,

130 1126 202 1180 qui
235 1126 427 1179 exilium,
465 1126 538 1180 qui
577 1129 815 1181 egestatem
854 1126 997 1180 timet,
1036 1129 1110 1168 aut
1149 1127 1221 1181 qui
1259 1141 1325 1180 ea,
1365 1142 1472 1182 quae

129 1188 241 1226 sunt.
266 1185 334 1226 his
372 1185 606 1239 contraria,
645 1185 854 1240 aequitati
899 1186 1134 1240 anteponit.
1202 1184 1472 1241 Maximeque

78 1255 112 1282 20
131 1244 400 1285 admirantur
433 1259 548 1298 eum,
587 1245 660 1299 qui
691 1245 871 1300 pecunia
906 1259 994 1286 non
1026 1248 1239 1298 movetur3
1279 1246 1392 1299 quod
1428 1246 1473 1287 in

4 1305 18 1329 3¹
130 1318 213 1358 quo
250 1303 343 1345 viro
382 1306 655 1359 perspectum
694 1304 768 1357 sit,
805 1304 918 1346 hunc
955 1304 1047 1359 igni
1086 1307 1327 1359 spectatum
1360 1305 1473 1346 arbi-

128 1365 311 1404 trantur.
360 1362 513 1418 Itaque
539 1363 617 1404 illa
642 1363 744 1417 tria,
771 1378 879 1417 quae
905 1363 1131 1418 proposita
1162 1366 1263 1404 sunt
1295 1363 1348 1405 ad
1380 1365 1471 1420 glo-

129 1422 257 1476 riam,
289 1422 433 1463 omnia
464 1422 633 1463 iustitia
664 1422 851 1476 conficit,
889 1425 932 1464 et
964 1422 1319 1476 benivolentiam,
1358 1423 1472 1477 quod

128 1481 333 1536 prodesse
370 1482 465 1523 vult
503 1481 721 1536 plurimis,
759 1484 802 1523 et
840 1481 894 1522 ob
927 1482 1106 1523 eandem
1138 1496 1311 1523 causam
1343 1482 1472 1524 fidem

74 1549 109 1576 25
128 1542 172 1581 et
198 1540 545 1593 admirationem,
577 1540 691 1594 quod
718 1555 789 1582 eas
815 1555 883 1581 res
916 1541 1080 1595 spernit
1113 1543 1155 1582 et
1179 1541 1385 1597 neglegit,
1418 1542 1471 1583 ad

128 1614 233 1654 quas
267 1599 461 1654 plerique
492 1599 749 1640 inflammati
782 1599 988 1640 aviditate
1019 1600 1258 1654 rapiuntur.

215 1657 279 1700 Ac
317 1673 413 1699 mea
451 1658 622 1713 quidem
660 1659 874 1700 sententia
915 1659 1054 1700 omnis
1092 1659 1204 1700 ratio
1244 1661 1372 1714 atque
1411 1660 1470 1701 in·
1496 1670 1539 1701 39

128 1717 298 1759 stitutio
335 1718 451 1759 vitae
491 1717 740 1759 adiumenta
776 1718 1000 1759 hominum
1039 1718 1270 1771 desiderat,
1309 1718 1354 1760 in
1385 1720 1470 1774 pri-

127 1777 294 1831 misque
325 1779 374 1818 ut
405 1777 582 1830 habeat,
626 1777 880 1831 quibuscum
920 1777 1058 1831 possit
1094 1776 1332 1818 familiares
1372 1792 1469 1819 con-

73 1846 108 1872 30
126 1835 238 1877 ferre
277 1850 515 1890 sermones3
555 1835 668 1891 quod
706 1838 772 1877 est
804 1836 995 1890 difficile,
1033 1836 1118 1877 nisi
1149 1837 1334 1891 speciem
1366 1852 1469 1892 prae

0 1896 21 1933 ,Ι
126 1897 169 1937 te
200 1895 304 1937 boni
340 1895 423 1937 viri
458 1895 585 1936 feras.
647 1894 765 1950 Ergo
806 1897 936 1937 etiam
975 1895 1172 1936 solitario
1209 1895 1376 1936 homini
1408 1899 1469 1937 at-

127 1969 207 2009 que
244 1954 290 1995 in
328 1968 433 2010 agro
472 1954 607 1995 vitam
647 1954 794 2010 agenti
826 1954 971 2009 opinio
1004 1954 1196 1996 iustitiae
1227 1955 1469 1996 necessaria

126 2016 208 2067 est,
241 2028 374 2067 eoque
407 2013 536 2055 etiam
569 2013 727 2066 magis,
761 2014 892 2068 quod,
928 2028 1022 2054 eam
1055 2013 1091 2054 si
1121 2027 1210 2055 non
1233 2013 1468 2067 habebunt,

128 2072 294 2124 [iniusti
319 2072 622 2126 habebuntur,]
654 2072 784 2113 nullis
812 2072 1037 2127 praesidiis
1065 2072 1204 2127 saepti
1229 2073 1380 2114 multis
1407 2073 1467 2114 af-

73 2140 107 2167 35
125 2131 322 2173 ficientur
340 2131 521 2173 iniuriis.
571 2132 714 2186 Atque
740 2131 793 2172 iis
820 2131 968 2185 etiam,
997 2131 1068 2186 qui
1093 2131 1283 2173 vendunt
1310 2135 1467 2186 emunt,
1494 2142 1539 2174 40

0 2189 20 2224 ³¹
126 2190 370 2232 conducunt
407 2191 553 2232 locant
591 2191 976 2245 contrahendisque
1020 2190 1209 2246 negotiis
1246 2190 1468 2246 implican-

126 2251 209 2304 tur,
246 2249 414 2291 iustitia
452 2249 505 2292 ad
542 2264 633 2291 rem
672 2250 903 2306 gerendam
946 2250 1188 2292 necessaria
1227 2252 1310 2301 est,
1348 2250 1465 2291 cuius

2 415 10 439 5

6 1600 20 1626 ὃ
