1673 2505
372 59 671 96 ORATIONUM.
698 60 740 95 A.
766 60 835 95 VII
861 59 1039 95 53—V111
1066 65 1086 95 6
1323 60 1406 103 257

67 182 93 209 o
119 166 292 223 ingenia
317 167 562 208 metuenda!
611 167 877 210 ,Membratzm
901 167 1043 221 adhuc,
1074 168 1215 209 deinde
1240 170 1407 211 caesim:

67 225 284 279 Diximus,
332 239 478 267 rursus
523 227 803 267 membratim.
853 225 1002 267 Testes
1055 225 1154 267 dare
1198 226 1408 268 volumus.

66 284 266 326 Extrema
295 285 476 336 sequitur
506 285 805 338 conprehensio,
843 285 912 326 secl
947 298 996 326 ex
1026 284 1179 326 duobus
1209 286 1408 338 membrzs,

67 355 148 395 qua
185 355 269 384 non
301 345 429 395 potest
464 356 544 384 esse
581 343 756 384 brevior:
801 341 953 396 Quem,
998 356 1175 396 quaeso,
1211 346 1408 385 nostrum

31 399 223 441 5fefellit
259 400 322 441 ita
353 414 428 442 vos
468 415 560 442 esse
598 401 818 443 facturos?
853 425 903 430 —
940 401 1110 453 Quintil.
1141 401 1217 442 IX
1245 405 1283 443 4.
1315 406 1409 456 123,

67 458 208 512 Rufin.
233 473 276 512 p.
308 461 404 501 579.
436 462 494 501 32
523 460 669 501 Halm.

156 517 194 558 3.
243 517 392 559 Ascon.
427 532 471 570 p.
518 522 584 560 70.
626 521 685 560 24
735 517 850 559 Num
893 518 938 559 in
982 532 1052 571 eo,
1103 519 1175 572 qui
1227 519 1314 560 sint
1364 520 1410 561 hi

67 577 213 629 testeS,
244 575 500 617 haesitatis?
549 576 644 630 Ego
671 577 793 618 vobis
821 577 961 618 edam:
993 576 1090 618 Duo
1123 577 1279 632 reliqui
1311 582 1411 620 sunt

69 635 119 677 de
150 634 466 687 consularibus,
502 634 665 676 inimici
702 635 957 676 tribuniciae
995 637 1245 691 potestatis3
1285 638 1411 691 pauci

17 704 49 730 10
67 695 292 748 praeterea
328 693 625 735 adsentatores
664 708 810 736 eorum
849 696 977 748 atque
1012 694 1235 737 adseculae
1267 696 1410 738 subse-

69 754 268 807 quuntur.

213 810 280 853 M.
314 811 533 853 Isucullum
569 815 606 853 et
641 812 722 854 M’.
759 811 960 864 Lepidum
1000 812 1213 865 sz’yniftcczt.
1284 813 1410 865 Quin-

126 883 200 922 que
237 870 345 911 enim
386 870 634 924 consulares,
670 873 717 911 ut
746 871 831 911 iam
862 870 1060 923 diximus,
1101 871 1146 911 in
1179 871 1411 914 Cornelium

127 929 401 970 testimonium
431 930 637 982 dixerunt,
678 928 722 980 Q.
756 928 943 982 Catulus,
985 928 1029 980 Q.
1061 929 1326 985 Hortensius,
1367 931 1410 982 Q.

17 996 49 1022 1⁵
126 987 317 1029 Metellus
347 986 450 1029 Pius
472 991 587 1040 pont.
619 1001 746 1040 neam,
787 1000 885 1040 quos
922 987 998 1028 hac
1027 989 1201 1029 secunda
1232 990 1412 1031 oratione

128 1049 284 1098 tractat,
316 1049 353 1088 et
381 1047 470 1099 cluo,
502 1047 572 1098 qui
595 1047 777 1087 nondum
803 1047 1003 1099 dixerant,
1034 1059 1132 1098 qecos
1157 1061 1265 1089 nunc
1289 1049 1412 1101 siqni-

126 1104 239 1158 ἧσαι,
270 1104 468 1146 Lucullus
499 1108 536 1146 et
564 1104 754 1157 Lepidus.

156 1163 196 1203 4.
229 1162 350 1204 Grill.
375 1177 420 1216 p.
444 1165 538 1205 598.
563 1167 616 1205 31
643 1162 791 1216 Scipio,
823 1166 961 1205 tantus
991 1164 1065 1214 vir,
1096 1165 1168 1216 qui
1188 1165 1412 1217 productus

69 1235 96 1262 a
127 1222 289 1263 tribuno
319 1222 450 1274 plebis
486 1235 550 1263 eos
580 1220 823 1275 (Gracchos)
855 1222 962 1263 dixit
990 1222 1080 1263 iure
1110 1236 1243 1264 caesos
1272 1225 1412 1277 videri,

17 1290 50 1316 20
67 1279 205 1332 favore
234 1280 459 1322 nobilitatis
488 1280 561 1322 hoc
589 1281 699 1333 fecit,
740 1281 840 1333 quia
875 1284 913 1322 et
947 1281 1032 1333 ipse
1068 1295 1116 1322 ex
1153 1282 1413 1334 optimatibus

69 1342 172 1393 erat,
206 1353 289 1380 non
325 1340 430 1380 sicut
465 1340 510 1380 in
548 1338 805 1381 Cornelianis
844 1339 1029 1380 Tullius:
1073 1339 1157 1381 Hic
1194 1355 1287 1382 mos
1325 1341 1412 1382 iam

70 1397 182 1452 apud
212 1398 312 1439 illos
346 1398 545 1452 antiquos
579 1400 621 1438 et
652 1397 860 1439 barbatos
891 1397 992 1452 fuit,
1033 1400 1081 1439 ut
1112 1413 1413 1454 persequeren-

72 1459 143 1497 tur
174 1457 416 1511 populares.

158 1516 196 1557 5.
229 1515 376 1557 Ascon.
403 1530 443 1568 p.
478 1519 541 1558 71.
572 1519 624 1557 11
663 1514 744 1557 Sed
786 1515 822 1556 si
859 1515 1134 1557 familiariter
1172 1531 1222 1557 ex
1254 1515 1301 1565 Q.
1336 1516 1412 1558 Ca-

19 1582 52 1608 25
70 1574 183 1628 tulo,
228 1574 546 1628 sapientissimo
591 1574 682 1615 viro
728 1576 858 1628 atque
900 1574 1233 1629 humanissimo,
1283 1575 1413 1617 velim

71 1647 291 1687 quaerere:
334 1632 487 1674 Utrius
525 1633 698 1674 tandem
735 1633 817 1673 tibi
853 1633 1101 1674 tribunatus
1139 1634 1280 1675 minus
1318 1649 1413 1688 pro-

70 1691 166 1733 bari
208 1694 370 1746 potest,
415 1690 459 1733 C.
505 1690 677 1733 Corneli
725 1706 795 1745 an,
838 1706 926 1732 non
969 1691 1107 1733 dicam
1150 1691 1194 1733 P.
1239 1691 1413 1748 Sulpici,

69 1764 157 1792 non
180 1749 226 1791 L.
253 1748 485 1804 Saturnini,
515 1765 603 1791 non
635 1749 716 1791 Gai
745 1749 939 1804 Gracchi,
971 1765 1058 1792 non
1089 1750 1252 1805 Tiberi3
1282 1752 1414 1792 nemi-

70 1823 179 1863 nem,
211 1824 337 1863 quem
368 1809 443 1850 isti
475 1809 726 1850 seditiosum
758 1809 1024 1863 existimant,
1055 1810 1306 1864 nominabo3
1339 1810 1413 1851 sed

20 1875 53 1902 ³⁰
73 1868 270 1910 avunculi
308 1868 389 1922 tui,
428 1867 474 1916 Q.
508 1867 677 1922 Catule,
714 1867 945 1909 clarissimi
980 1868 1232 1923 patriaeque
1271 1883 1413 1910 aman-

71 1926 229 1968 tissimi
259 1926 370 1968 viri‘?
404 1926 506 1980 quid
537 1926 644 1967 mihi
675 1926 849 1967 tandem
881 1941 1187 1981 responsurum
1218 1927 1412 1982 putatis?

160 1986 197 2027 6.
224 1984 363 2034 Quid?
391 1985 623 2026 avunculus
647 1988 759 2038 tuus,
785 1985 1049 2027 clarissimus
1070 1986 1147 2040 vir,
1173 1986 1412 2028 clarissimo

72 2046 213 2098 patre,
246 2058 344 2095 avo,
376 2044 630 2098 maioribus,
668 2044 811 2098 credo,
851 2044 1023 2085 silentio
1054 2043 1227 2086 favente
1258 2045 1411 2086 nobili-

72 2104 178 2155 tate,
226 2103 347 2144 nullo
389 2103 672 2144 intercessore
716 2105 966 2157 comparato
1011 2103 1172 2157 populo
1215 2103 1412 2144 Romano

22 2169 55 2195 35
74 2160 188 2202 dedit
226 2164 268 2202 et
304 2161 706 2216 potentissimorum
748 2161 972 2202 hominum
1016 2161 1212 2218 collegiis
1257 2162 1414 2217 eripuit

73 2220 411 2275 cooptandorum
443 2220 714 2262 sacerdotum
744 2220 1035 2275 potestatem?

218 2279 311 2320 Hoc
347 2292 455 2332 eyere
490 2280 764 2333 enarratione,
800 2280 899 2332 quia
935 2278 1006 2321 hoc
1043 2279 1124 2321 loco
1155 2293 1300 2321 nomen
1331 2292 1413 2320 non

142 2353 213 2379 010.
231 2354 285 2380 IV.
304 2357 328 2379 3.
1086 2352 1128 2381 17
