1663 2490
127 1922 154 2003 ιιι-Ν.)

180 73 261 115 132
499 74 622 109 CATO
649 74 802 109 MAIOR
829 74 890 108 DE
919 73 1202 108 SENECTUTE

177 184 304 236 teque
334 196 420 223 non
458 196 696 238 cognomen
733 183 873 223 solum
912 181 1094 222 Athenis
1134 181 1404 235 deportasse,
1444 181 1516 222 sed

177 240 491 282 humanitatem
529 243 572 282 et
609 239 880 295 prudentiam
912 239 1132 295 intellego.
1193 239 1252 280 Et
1289 243 1435 281 tamen
1473 243 1515 281 te

179 299 371 354 suspicor
421 299 579 341 eisdem
623 299 750 340 rebus
801 298 954 360 quibus
999 312 1066 349 me
1110 298 1251 353 ipsum
1301 298 1515 340 interdum

178 357 352 414 gravius
383 357 660 411 commoveri,
699 371 880 410 quarum
918 343 1156 399 consolatio
1193 360 1237 398 et
1274 357 1411 398 maior
1449 360 1516 398 est

177 419 220 458 et
252 416 295 458 in
328 416 443 457 aliud
475 419 644 470 tempus
677 415 919 456 differenda.
963 414 1088 457 Nunc
1114 418 1257 456 autem
1283 415 1423 457 visum
1449 418 1515 457 est
1552 431 1568 457 5

177 475 284 516 mihi
316 474 366 516 de
393 477 610 516 senectute
637 473 798 528 aliquid
825 474 877 514 ad
896 478 939 515 te
959 474 1236 515 conscribere.
1282 474 1374 516 Hoc
1403 474 1517 515 enim

178 548 322 587 onere,
366 533 479 587 quod
511 532 616 574 mihi
654 547 877 575 commune
915 535 1056 574 tecum
1088 535 1172 587 est,
1215 535 1290 574 aut
1326 533 1412 574 iam
1451 548 1517 574 ur-

179 592 319 648 gentis
340 594 415 633 aut
434 595 549 633 certe
569 591 842 633 adventantis
865 590 1096 632 senectutis
1116 593 1159 632 et
1178 593 1221 632 te
1242 594 1285 632 et
1303 606 1369 633 me
1384 591 1516 633 etiam

177 652 318 706 ipsum
351 650 487 691 levari
523 650 641 704 volo3
685 650 767 691 etsi
804 652 847 690 te
887 650 1058 703 quidem
1089 649 1132 690 id
1169 649 1334 692 modice
1366 665 1415 692 ac
1454 665 1517 691 sa-

178 709 344 764 pienter
370 708 481 751 sicut
506 709 651 750 omnia
676 711 719 749 et
743 708 854 750 ferre
881 712 924 750 et
949 708 1139 749 laturum
1165 722 1258 749 esse
1277 712 1394 750 certo
1416 709 1515 751 scio.
1538 725 1570 750 10

178 766 260 809 Sed
291 767 415 822 mihi,
458 782 554 809 cum
592 767 643 808 de
681 769 898 808 senectute
929 767 1086 808 vellem
1125 766 1287 821 aliquid
1320 767 1517 821 scribere,

178 829 224 868 tu
251 826 504 868 occurrebas
531 826 685 881 dignus
712 840 761 867 eo
788 840 973 879 munere,
1006 840 1089 880 quo
1115 828 1295 880 uterque
1320 829 1517 867 nostrum

178 885 461 927 communiter
492 888 696 926 uteretur.
745 883 853 926 Mihi
886 884 1057 939 quidem
1089 885 1152 925 ita
1182 884 1365 926 iucunda
1391 885 1515 926 huius

179 944 277 985 libri
315 943 526 985 confectio
564 943 664 998 fuit,
708 946 756 985 ut
786 958 871 984 non
909 943 1035 984 modo
1080 957 1226 984 omnes
1265 944 1518 985 absterserit

178 1002 409 1044 senectutis
454 1002 694 1057 molestias,
745 1001 817 1043 sed
861 1001 1049 1043 effecerit
1087 1002 1261 1043 mollem
1300 1002 1432 1044 etiam
1475 1005 1570 1043 et15

178 1061 406 1103 iucundam
448 1064 723 1102 senectutem.
790 1059 1038 1115 Numquam
1078 1061 1211 1116 igitur
1249 1061 1376 1116 digne
1411 1061 1517 1102 satis

178 1120 343 1162 laudari
364 1119 640 1174 philosophia
666 1119 838 1174 poterit,
870 1120 936 1161 cui
970 1119 1042 1174 qui
1069 1122 1237 1173 pareat,
1263 1134 1388 1161 omne
1414 1123 1518 1162 tem-

177 1193 257 1235 pus
297 1179 453 1220 aetatis
492 1179 582 1220 sine
621 1178 822 1219 molestia
858 1178 998 1233 possit
1033 1178 1197 1234 degere.
1260 1177 1341 1220 Sed
1373 1178 1424 1220 de
1455 1193 1518 1221 ce·

177 1237 281 1279 teris
314 1242 357 1279 et
389 1237 570 1278 diximus
603 1238 742 1278 multa
767 1239 809 1278 et
836 1251 962 1291 saepe
989 1237 1195 1291 dicemus3
1225 1237 1338 1279 hunc
1358 1237 1516 1279 librum

178 1297 230 1337 ad
255 1298 298 1338 te
327 1296 378 1337 de
404 1298 621 1338 senectute
647 1296 854 1337 misimus.
898 1295 1078 1337 Omnem
1105 1299 1248 1337 autem
1274 1310 1516 1338 sermonem
1537 1311 1569 1335 20

178 1355 408 1396 tribuimus
445 1369 532 1396 non
564 1354 769 1408 Tithono,
806 1357 856 1396 ut
886 1354 1036 1396 Aristo
1067 1353 1169 1397 Cius
1202 1353 1373 1409 (parum
1406 1355 1517 1396 enim

179 1416 292 1455 esset
325 1413 598 1455 auctoritatis
631 1414 675 1454 in
705 1411 885 1468 fabula),
917 1413 990 1454 sed
1021 1412 1078 1454 M.
1111 1412 1268 1455 Catoni
1299 1413 1401 1467 seni,
1434 1428 1517 1468 quo

179 1473 385 1514 maiorem
413 1472 717 1513 auctoritatem
736 1472 917 1513 haberet
939 1472 1098 1526 orati03
1130 1472 1242 1527 apud
1269 1487 1396 1526 quem
1415 1472 1517 1514 Lae-

179 1531 283 1573 lium
315 1534 359 1572 et
390 1529 632 1586 Scipionem
664 1530 844 1573 facimus
883 1530 1164 1584 admirantes,
1203 1531 1316 1586 quod
1353 1531 1389 1572 is
1427 1534 1517 1573 tam

178 1590 302 1633 facile
329 1593 591 1632 senectutem
611 1589 735 1644 ferat,
760 1589 904 1643 eisque
930 1604 1026 1631 eum
1053 1590 1394 1645 respondentem.
1437 1589 1518 1638 Qui
1539 1603 1570 1627 2⁵

180 1649 215 1690 si
247 1649 454 1690 eruditius
486 1649 701 1690 videbitur
739 1648 975 1703 disputare,
1013 1663 1142 1703 quam
1173 1649 1395 1690 consuevit
1426 1649 1518 1704 ipse

178 1709 222 1749 in
254 1707 342 1749 suis
375 1708 511 1761 libris,
543 1706 772 1748 attribuito
805 1707 964 1748 litteris
993 1706 1181 1761 Graecis,
1212 1722 1393 1762 quarum
1421 1722 1518 1750 con-

180 1768 268 1808 stat
299 1781 396 1808 eum
427 1766 745 1822 perstudiosum
777 1765 909 1807 fuisse
940 1766 985 1807 in
1017 1768 1246 1807 senectute.
1302 1764 1385 1807 Sed
1417 1766 1518 1821 quid

180 1838 286 1880 opus
318 1827 384 1867 est
414 1825 569 1880 plura?
612 1824 705 1866 Iam
746 1824 859 1866 em‘m
896 1824 1031 1879 ipsius
1062 1823 1240 1866 Catonis
1272 1839 1413 1867 sermo
1452 1840 1517 1867 ex—

179 1883 360 1938 plicabit
389 1886 584 1926 nostram
617 1897 787 1925 omnem
820 1883 869 1925 de
902 1886 1118 1925 senectute
1151 1883 1422 1925 sententiam.
1537 1895 1571 1922 ³0

266 1941 407 1985 Semo.
466 1941 601 1997 Saepe
632 1956 809 1983 numero
848 1941 1051 1996 admirari
1083 1942 1200 1983 soleo
1232 1956 1328 1984 cum
1360 1942 1441 1984 hoc
1473 1941 1518 1984 C.

179 2000 326 2042 Laelio
364 2015 459 2043 cum
502 2004 740 2043 ceterarum
781 2015 924 2042 rerum
967 2003 1088 2042 tuam
1133 2000 1432 2054 excellentem,
1464 2000 1518 2041 M.

179 2057 300 2113 Cato,
332 2059 650 2114 perfectamque
677 2059 944 2112 sapientiam,
970 2062 1063 2101 tum
1088 2060 1156 2102 vel
1182 2059 1379 2114 maxime,
1406 2059 1518 2114 quod

179 2132 412 2172 numquam
444 2119 524 2159 tibi
555 2128 815 2160 senectutem
842 2133 1017 2173 gravem
1043 2132 1135 2160 esse
1162 2118 1382 2173 senserim,
1410 2133 1518 2172 quae

180 2176 395 2231 plerisque
433 2178 605 2218 senibus
644 2177 704 2219 sic
741 2177 888 2218 odiosa
926 2179 1009 2230 est,
1052 2179 1102 2218 ut
1144 2191 1250 2219 onus
1292 2191 1336 2218 se
1374 2175 1518 2219 Aetna
1536 2189 1569 2215 ³⁵

181 2235 354 2291 gravius
387 2235 530 2277 dicant
562 2235 832 2277 sustinere.'''''

267 2293 382 2337 Ono.
438 2294 546 2336 Rem
577 2294 691 2337 haud
723 2308 824 2337 sane
863 2292 1097 2347 difficilem,
1136 2293 1278 2346 Scipio
1310 2297 1354 2336 et
1385 2294 1516 2340 LaelL
