1663 2490
202 94 287 135 110
726 91 788 127 DE
816 90 1013 125 OFFICIIS

200 202 362 243 solum
392 199 539 241 nobis
572 199 760 240 divites
792 213 902 240 6556
933 199 1185 253 volumus,
1218 198 1303 240 sed
1335 199 1538 254 liberis,

199 259 522 315 propinquis,
572 257 748 299 amicis
798 271 1124 310 maxumeque
1168 257 1241 298 rei
1287 257 1537 312 publicae.

200 318 528 373 Singulorum
561 316 691 357 enim
722 315 1007 356 facultates
1040 318 1088 355 et
1114 315 1288 370 copiae
1321 315 1538 357 divitiae

201 380 318 418 sunt
343 374 606 428 civitatis?
651 373 764 415 Huic
783 372 1013 415 Scaevolae
1032 373 1207 427 factum,
1233 374 1283 415 de
1305 389 1387 428 quo
1408 375 1538 429 paulo

201 439 300 477 ante
333 435 436 488 dixi,
467 435 634 488 placere
664 433 785 473 nullo
818 432 943 473 modo
975 435 1137 486 potest,
1175 433 1333 474 etenim
1365 433 1538 474 omnino
1575 444 1591 469 ⁵

198 497 368 535 tantum
402 507 445 533 se
477 494 608 547 negat
639 491 853 532 facturum
886 490 1126 545 compendii
1158 491 1223 532 sui
1254 505 1394 546 causa,
1427 491 1541 545 quod

199 568 286 594 non
311 552 451 593 liceat.
493 550 605 591 Huic
630 564 707 591 nec
732 550 824 590 laus
851 563 1010 605 magna
1035 549 1263 590 tribuenda
1288 564 1365 591 nec
1397 550 1541 605 gratia

131 623 174 654 54
201 614 277 652 est.
322 608 416 663 Sed,
442 608 530 650 sive
557 611 600 650 et
626 608 844 649 simulatio
871 611 914 649 et
940 608 1226 649 dissimulatio
1254 608 1376 649 dolus
1400 609 1540 649 malus

200 673 283 722 est,
320 681 557 724 perpaucae
595 682 663 708 res
703 669 820 720 sunt,
859 666 903 707 in
942 667 1095 720 quibus
1127 681 1215 708 non
1246 666 1368 707 dolus
1400 667 1540 708 malus

198 729 281 768 iste
312 729 519 780 versetur,
551 725 640 766 sive
671 725 737 766 vir
769 725 906 766 bonus
939 728 1004 766 est
1035 725 1090 778 is,
1123 725 1195 779 qui
1226 725 1418 779 prodest,
1451 726 1539 780 qui·
1561 738 1593 762 ιο

199 787 279 827 bus
312 788 475 840 potest,
510 787 636 826 nocet
673 784 850 837 nemini,
890 787 1002 825 certe
1040 784 1173 824 istum
1209 783 1349 824 virum
1379 784 1540 825 bonum

199 859 286 886 non
316 844 442 886 facile
474 843 722 897 reperimus.
771 841 1018 896 Numquam
1049 842 1183 897 igitur
1215 845 1280 883 est
1311 842 1417 884 utile
1448 857 1541 897 pec-

200 917 315 956 care,
348 902 449 957 quia
481 916 648 956 semper
680 904 745 942 est
775 903 918 955 turpe,
950 904 1010 954 et,
1043 901 1143 955 quia
1174 915 1339 955 semper
1372 903 1437 942 est
1467 901 1540 943 ho-

199 964 371 1003 nestum
402 961 543 1001 virum
574 961 735 1001 bonum
767 974 877 1012 esse,
909 974 1076 1014 semper
1108 962 1173 1000 est
1202 960 1318 1000 utile.

131 1002 186 1084 ἐξ
289 1020 352 1062 Α6
385 1020 435 1060 de
467 1020 558 1060 iure
591 1018 761 1073 quidem
793 1018 1065 1072 praediorum
1098 1020 1294 1059 sanctum
1326 1018 1438 1072 apud
1462 1033 1540 1060 nos
1561 1029 1593 1056 15

202 1082 267 1120 est
286 1079 376 1119 iure
397 1078 524 1131 civili,
549 1080 598 1118 ut
617 1078 662 1123 in
687 1077 739 1118 iis
764 1077 996 1118 vendendis
1022 1077 1129 1117 vitia
1155 1077 1406 1129 dicerentur,
1433 1091 1541 1132 quae

199 1140 305 1178 nota
330 1140 473 1178 essent
498 1135 722 1178 venditori.
772 1134 896 1189 Nam,
929 1150 1025 1177 cum
1057 1151 1107 1177 ex
1134 1135 1354 1177 duodecim
1379 1136 1541 1177 tabulis

202 1196 308 1237 satis
338 1198 450 1237 esset
476 1210 525 1236 ea
550 1194 775 1249 praestari,
807 1209 915 1248 quae
942 1197 1084 1235 essent
1109 1194 1260 1249 lingua
1283 1198 1543 1249 nuncupata,

201 1269 309 1310 quae
336 1254 409 1308 qui
434 1253 644 1294 infitiatus
672 1255 797 1306 esset,
830 1253 949 1307 dupli
974 1267 1157 1307 poenam
1183 1252 1358 1307 subiret,
1385 1268 1410 1294 a
1434 1253 1540 1294 iuris

201 1313 408 1355 consultis
436 1313 566 1353 etiam
598 1312 845 1353 reticentiae
877 1326 1015 1365 poena
1048 1314 1112 1353 est
1144 1311 1395 1365 constituta3
1428 1312 1540 1366 quic·
1560 1323 1592 1348 2ss

202 1372 303 1426 quid
335 1371 447 1412 enim
480 1373 593 1411 esset
618 1370 662 1410 in
686 1370 860 1424 praedio
887 1370 994 1422 vitii,
1025 1370 1067 1410 id
1095 1373 1351 1423 statuerunt,
1383 1369 1420 1410 si
1445 1385 1540 1412 ven-

202 1431 315 1472 ditor
335 1430 474 1483 sciret,
494 1429 577 1470 nisi
596 1429 850 1469 nominatim
872 1429 1031 1469 dictum
1052 1431 1176 1482 esset,
1195 1429 1406 1483 praestari
1420 1443 1542 1484 opor-

132 1502 173 1532 66
200 1493 302 1530 tere.
352 1488 425 1542 Ut,
458 1503 554 1530 cum
582 1488 624 1528 in
653 1502 748 1528 arce
774 1487 1001 1542 augurium
1027 1501 1210 1542 augures
1236 1487 1374 1529 acturi
1399 1490 1541 1529 essent

201 1547 510 1600 iussissentque
542 1546 605 1587 Ti.
632 1545 858 1588 Claudium
890 1544 1203 1600 Centumalum,
1237 1546 1309 1600 qui
1340 1546 1465 1587 aedes
1496 1547 1541 1587 in

202 1605 346 1648 Caelio
380 1608 524 1647 monte
556 1605 762 1658 habebat,
801 1604 996 1646 demoliri
1034 1619 1101 1658 ea,
1143 1619 1323 1659 quorum
1355 1605 1539 1646 altitudo
1560 1615 1593 1641 25
1651 1614 1659 1637 2

201 1665 392 1707 officeret
424 1663 643 1718 auspiciis,
681 1662 884 1705 Claudius
922 1663 1177 1718 proscripsit
1207 1663 1394 1704 insulam
1427 1665 1541 1716 [ven-

202 1724 340 1777 didit],
375 1723 479 1764 emit
510 1722 554 1763 P.
589 1721 847 1776 Calpurnius
873 1721 1094 1763 Lanarius.
1142 1721 1253 1763 Huic
1285 1722 1338 1762 ab
1371 1722 1541 1777 auguri-

200 1783 279 1823 bus
318 1782 425 1822 illud
462 1781 575 1822 idem
616 1781 912 1821 denuntiatum
956 1783 1033 1822 est.
1094 1779 1244 1834 ltaque
1283 1779 1539 1835 Calpurnius

201 1856 296 1883 cum
341 1840 570 1881 demolitus
621 1842 734 1880 esset
782 1842 1095 1895 cognossetque
1141 1837 1366 1880 Claudium
1416 1840 1540 1880 aedes

201 1902 352 1954 postea
383 1898 704 1953 proscripsisse,
743 1912 870 1952 quam
903 1901 1016 1939 esset
1047 1898 1100 1938 ab
1134 1898 1367 1952 auguribus
1401 1898 1541 1939 demo·
1561 1910 1594 1934 3⁰
1650 1911 1659 1930 1

201 1958 271 1998 liri
320 1958 480 2011 iussus,
530 1956 741 1997 arbitrum
790 1956 914 1997 illum
961 1956 1124 2011 adegit,
1174 1968 1400 2006 QUIDQUID
1451 1968 1541 1998 slm

201 2028 324 2058 DARE
362 2027 542 2056 FACERE
584 2026 858 2057 OPORTERET
897 2027 959 2056 EX
991 2027 1100 2055 FIDE
1139 2025 1277 2056 BONA.
1337 2014 1394 2056 M.
1432 2013 1540 2057 Cato

202 2075 460 2116 sententiam
493 2074 611 2127 dixit,
642 2073 768 2114 huius
800 2073 938 2115 nostri
965 2072 1140 2114 Catonis
1172 2075 1296 2127 pater
1329 2072 1396 2129 (ut
1428 2073 1541 2114 enim

201 2133 331 2175 ceteri
364 2147 412 2173 ex
444 2133 652 2187 patribus,
685 2132 745 2173 sic
776 2132 856 2186 hic,
889 2132 962 2185 qui
992 2131 1099 2172 illud
1129 2132 1273 2172 lumen
1298 2132 1541 2187 progenuit,

202 2207 251 2234 ex
277 2192 366 2232 filio
394 2194 459 2231 est
485 2189 788 2246 nominandus)
809 2215 865 2220 ——
884 2190 921 2231 is
947 2190 1081 2246 igitur
1106 2190 1230 2231 iudex
1262 2190 1325 2231 ita
1355 2205 1540 2245 pronun·
1560 2201 1593 2226 3⁵
1648 2200 1663 2222 ²³¹

201 2251 343 2291 tiavit:
377 2249 487 2291 ‘cum
519 2249 563 2289 in
594 2249 817 2290 vendundo
850 2263 939 2290 rem
966 2263 1059 2290 eam
1089 2249 1239 2290 scisset
1265 2251 1306 2289 et
1332 2263 1419 2290 non
1445 2263 1540 2303 pro-

132 2321 173 2350 67
200 2309 454 2360 nuntiasset,
481 2307 664 2362 emptori
691 2307 891 2349 damnum
917 2307 1130 2362 praestari
1156 2307 1380 2360 oportere.'
1420 2307 1538 2361 Ergo
