1663 2490
109 1062 151 1093 27

110 1830 151 1861 28

185 60 267 101 172
580 61 783 97 LAELIUS
808 61 874 96 DE
899 61 1117 96 AMICITIA

181 169 293 210 enim
326 183 594 224 generorum,
625 170 884 224 praesertim
915 170 961 210 in
991 184 1036 211 re
1068 170 1193 224 bona,
1223 184 1320 212 cum
1353 169 1526 213 difficile

181 230 263 281 est,
293 230 388 269 tum
418 242 471 269 ne
503 243 687 282 aequum
719 228 890 282 quidem
922 228 1142 270 obsistere.

269 285 527 341 Saepissime
547 287 681 342 igitur
701 286 808 328 mihi
829 287 879 328 de
899 286 1089 329 amicitia
1108 287 1318 343 cogitanti
1339 288 1526 329 maxime

180 345 287 387 illud
326 345 678 387 considerandum
720 345 855 386 videri
894 345 1022 400 solet,
1066 348 1210 387 utrum
1248 348 1427 401 propter
1464 346 1525 388 in-

180 404 462 446 becillitatem
495 406 624 458 atque
655 404 846 459 inopiam
878 403 1120 446 desiderata
1150 405 1208 446 sit
1240 405 1446 460 amicitia,
1477 407 1527 447 ut

181 463 331 504 dandis
364 462 703 517 recipiendisque
735 463 900 504 meritis
934 463 1048 518 quod
1077 463 1256 518 quisque
1282 463 1423 505 minus
1450 477 1526 519 per

181 536 225 563 se
256 522 348 576 ipse
380 524 544 576 posset,
582 521 626 562 id
663 522 875 577 acciperet
913 522 966 563 ab
1005 521 1091 564 alio
1130 522 1405 577 vicissimque
1436 522 1527 564 red-

181 580 316 633 deret,
355 594 410 621 an
441 582 556 621 esset
586 580 669 622 hoc
708 581 879 635 quidem
916 581 1139 636 proprium
1178 581 1411 635 amicitiae,
1452 581 1527 623 sed

181 639 400 693 antiquior
425 641 469 680 et
494 638 715 694 pulchrior
742 642 785 681 et
808 639 949 695 magis
976 654 1001 681 a
1025 642 1183 681 natura
1206 640 1303 694 ipsa
1332 640 1527 694 profecta

181 699 266 739 alia
303 712 443 739 causa.
506 698 643 740 Amor
681 698 812 749 enim,
856 713 906 740 ex
951 712 1034 753 quo
1076 698 1267 740 amicitia
1302 699 1528 741 nominata

180 760 258 811 est,
283 756 482 812 princeps
503 759 569 798 est
589 757 642 799 ad
662 757 999 799 benivolentiam
1019 757 1373 812 coniungendam.
1412 757 1526 800 Nam

180 815 393 857 utilitates
429 815 601 870 quidem
634 816 765 857 etiam
797 816 851 858 ab
883 816 936 857 iis
961 816 1257 871 percipiuntur
1283 830 1422 872 saepe,
1454 817 1528 871 qui

180 875 456 917 simulatione
482 875 697 917 amicitiae
723 876 924 917 coluntur
945 878 987 917 et
1007 876 1291 917 observantur
1317 875 1526 931 temporis

180 948 320 988 causa,
351 934 396 974 in
429 933 620 976 amicitia
652 937 796 976 autem
826 934 935 976 nihil
967 934 1114 976 fictum
1148 937 1225 989 est,
1255 933 1365 975 nihil
1398 935 1526 976 simu-

180 994 317 1034 latum
351 995 410 1048 et,
449 993 656 1048 quidquid
688 996 770 1044 est,
802 993 845 1035 id
874 995 941 1034 est
965 1007 1113 1035 verum
1146 996 1189 1035 et
1219 993 1525 1035 voluntarium.

181 1052 452 1107 Quapropter
484 1067 509 1093 a
540 1054 697 1094 natura
728 1052 834 1094 mihi
865 1052 1036 1094 videtur
1060 1052 1205 1107 potius
1232 1066 1361 1106 quam
1387 1052 1441 1094 ab
1466 1053 1528 1094 in-

181 1112 373 1167 digentia
404 1114 502 1153 orta
533 1111 741 1161 amicitia,
774 1111 1062 1166 adplicatione
1094 1111 1234 1167 magis
1266 1111 1399 1153 animi
1430 1126 1526 1153 curn

181 1171 366 1225 quodam
393 1184 521 1211 sensu
547 1170 719 1212 amandi
746 1185 875 1225 quam
900 1170 1175 1225 cogitatione,
1209 1173 1417 1225 quantum
1449 1170 1528 1213 illa

180 1244 247 1271 res
279 1229 486 1271 utilitatis
519 1233 633 1270 esset
663 1229 878 1271 habitura.
942 1228 1064 1277 Quod
1096 1229 1267 1283 quidem
1299 1230 1425 1283 quale
1458 1229 1526 1284 sit,

181 1290 312 1330 etiam
342 1288 389 1329 in
419 1288 571 1329 bestiis
604 1288 861 1342 quibusdam
900 1288 1186 1330 animadverti
1217 1290 1379 1343 potest,
1417 1303 1526 1343 quae

181 1363 230 1390 ex
264 1363 308 1388 se
339 1350 466 1388 natos
499 1348 562 1388 ita
594 1350 743 1389 amant
775 1347 829 1389 ad
860 1347 1074 1402 quoddam
1105 1350 1275 1401 tempus
1308 1350 1352 1388 et
1384 1347 1437 1389 ab
1465 1348 1525 1389 eis

179 1408 242 1448 ita
275 1409 492 1456 amantur,
524 1409 573 1447 ut
603 1405 730 1448 facile
763 1421 909 1448 earum
942 1420 1092 1448 sensus
1124 1408 1343 1461 appareat.
1404 1405 1526 1455 Quod

179 1466 223 1508 in
254 1465 428 1507 homine
460 1465 598 1507 multo
631 1468 697 1506 est
728 1465 989 1519 evidentius,
1029 1465 1217 1520 primum
1255 1479 1305 1506 ex
1337 1479 1387 1508 ea
1418 1465 1526 1507 cari-

179 1527 287 1579 tate,
326 1538 435 1579 quae
473 1526 541 1565 est
577 1523 691 1565 inter
726 1527 854 1566 natos
892 1526 936 1566 et
972 1527 1192 1579 parentes,
1235 1538 1344 1578 quae
1382 1524 1526 1566 dirimi

178 1584 262 1625 nisi
295 1582 544 1625 detestabili
576 1583 734 1625 scelere
765 1598 852 1625 non
887 1585 1051 1638 potest3
1089 1582 1238 1624 deinde
1277 1597 1373 1625 cum
1411 1583 1525 1625 simi-

180 1644 232 1684 lis
254 1656 404 1685 sensus
432 1642 577 1683 extitit
603 1642 776 1698 ameris,
803 1642 840 1684 si
865 1642 1052 1697 aliquem
1077 1642 1194 1684 nacti
1220 1656 1378 1697 sumus,
1405 1642 1524 1685 cuius

179 1717 275 1745 cum
307 1701 500 1743 moribus
533 1703 577 1743 et
600 1703 758 1743 natura
782 1715 1084 1758 congruamuS,
1116 1700 1229 1756 quod
1254 1701 1300 1742 in
1325 1715 1374 1743 eo
1401 1702 1525 1756 quasi

178 1763 325 1804 lumen
357 1760 532 1815 aliquod
563 1761 796 1816 probitatis
829 1763 873 1802 et
903 1760 1078 1803 virtutis
1113 1760 1354 1815 perspicere
1385 1761 1525 1803 videa-

180 1835 286 1862 mur.
347 1819 470 1861 Nihil
508 1821 575 1861 est
612 1820 726 1861 enim
763 1820 924 1862 virtute
962 1819 1209 1873 amabilius,
1245 1819 1373 1873 nihil,
1411 1820 1524 1875 quod

180 1879 318 1935 magis
351 1878 528 1921 adliciat
554 1878 608 1920 ad
628 1879 905 1935 diligendum,
938 1879 1095 1934 quippe
1121 1893 1216 1920 cum
1240 1881 1419 1933 propter
1442 1879 1524 1921 vir-

179 1942 317 1980 tutem
349 1941 392 1980 et
422 1938 688 1993 probitatem
720 1938 851 1980 etiam
884 1952 975 1992 eOS,
1016 1952 1122 1992 quos
1154 1952 1388 1992 numquam
1420 1938 1524 1980 vidi-

179 2013 287 2053 mus,
308 1997 495 2052 quodam
514 1997 642 2040 modo
663 1997 907 2053 diligamus.
951 1995 1055 2046 Qm’s
1077 1999 1153 2051 est,
1184 1996 1257 2051 qui
1277 1995 1321 2038 C.
1342 1996 1524 2053 Fabrici,

179 2056 246 2098 Μ’.
276 2055 379 2098 Curi
409 2071 497 2098 non
522 2071 618 2099 cum
650 2057 832 2098 caritate
864 2056 1010 2111 aliqua
1039 2056 1242 2098 benivola
1272 2057 1524 2098 memoriam

179 2118 375 2171 usurpet,
407 2130 513 2169 quos
544 2130 780 2170 numquam
810 2115 995 2158 viderit?
1029 2115 1124 2169 quis
1157 2117 1301 2157 autem
1334 2118 1418 2170 est,
1450 2115 1524 2170 qui

179 2174 461 2230 Tarquinium
493 2173 746 2230 Superbum,
779 2174 852 2230 qui
884 2173 954 2230 Sp,
986 2172 1196 2228 Cassium,
1229 2173 1299 2229 Sp.
1319 2172 1524 2217 Maelium

179 2249 266 2276 non
292 2233 459 2276 oderit?
510 2233 618 2276 Cum
645 2234 809 2276 duobus
836 2233 1015 2276 ducibus
1042 2233 1092 2275 de
1117 2233 1299 2288 imperio
1324 2234 1369 2275 in
1394 2233 1525 2277 Italia

179 2297 244 2335 est
265 2292 542 2348 decertatum,
567 2293 734 2347 Pyrrho
756 2296 799 2335 et
817 2292 1082 2347 Hannibale3
1109 2293 1163 2335 ab
1190 2292 1327 2334 altero
1347 2295 1525 2349 propter

1563 419 1577 445 ⁵
1626 400 1629 465 ἔ

1547 707 1625 739 ιο4

1614 1236 1617 1275 ἲ

1546 1303 1581 1328 eo
1607 1294 1616 1347 4

1603 1348 1615 1370 ’ς

1655 1963 1657 1989 1

1654 2026 1663 2111 ἓ

1657 2144 1663 2170 E

1543 2184 1663 2231 πω(

1655 2262 1663 2289 ε
