1663 2490
187 66 242 107 42
708 67 771 101 DE
799 66 998 102 OFFICHS

117 184 179 215 121
203 173 478 218 Commutato
511 178 655 217 autem
687 189 841 230 genere
873 175 987 216 vitae
1019 176 1136 217 omni
1172 176 1338 217 ratione
1376 190 1523 217 curan-

185 233 285 275 dum
318 237 401 288 est,
441 237 490 275 ut
525 234 568 275 id
605 235 718 275 bono
756 234 934 275 consilio
966 233 1118 275 fecisse
1148 235 1379 276 videamur.
1440 232 1522 275 Sed

186 292 387 346 quoniam
407 293 534 348 paulo
561 295 660 333 ante
686 292 846 334 dictum
873 294 939 333 est
958 292 1188 335 imitandos
1214 307 1307 334 esse
1327 292 1523 347 maiores,

183 351 370 405 primum
406 351 513 392 illud
550 353 773 405 exceptum
812 350 885 404 sit,
927 364 980 391 ne
1023 351 1130 393 vitia
1173 352 1260 392 sint
1303 351 1523 404 imitanda,

185 409 346 463 deinde,
378 410 415 451 si
445 412 600 451 natura
624 424 709 450 non
735 409 856 462 feret,
886 412 935 450 ut
960 410 1169 463 quaedam
1195 409 1358 450 imitari
1384 411 1522 464 possit
1559 423 1575 448 ε,

183 466 250 523 (ut
283 469 515 523 superioris
552 468 667 508 filius
699 467 910 520 Africani,
947 468 1019 522 qui
1056 468 1168 510 hunc
1199 468 1334 510 Paulo
1373 471 1523 509 natum

184 527 425 582 adoptavit,
466 529 641 581 propter
678 526 975 567 infirmitatem
1013 527 1272 568 valetudinis
1309 541 1397 568 non
1432 530 1524 568 tam

183 586 326 640 potuit
364 586 500 640 patris
539 584 692 625 similis
731 599 840 639 esse,
884 600 1011 639 quam
1050 586 1124 626 ille
1162 585 1304 627 fuerat
1340 584 1443 640 sui);
1487 585 1524 627 si

182 644 317 699 igitur
335 659 422 685 non
441 644 601 698 poterit
627 644 716 684 sive
743 658 892 685 causas
919 644 1175 685 defensitare
1202 644 1291 685 sive
1316 645 1523 699 populum

148 730 153 734 -
182 703 455 744 contionibus
487 705 632 743 tenere
664 702 753 743 sive
785 703 901 743 bella
933 716 1092 758 gerere,
1123 703 1201 743 illa
1231 705 1375 743 tamen
1404 717 1523 756 prae·
1543 716 1576 740 10

184 764 298 802 stare
324 761 507 814 debebit,
534 776 642 814 quae
669 763 793 802 erunt
815 761 859 802 in
885 761 1019 815 ipsius
1046 763 1274 816 potestate,
1299 761 1523 815 iustitiam,

182 820 327 874 fidem,
372 820 697 873 liberalitatem,
738 819 1012 873 modestiam,
1049 820 1400 875 temperantiam,
1439 835 1521 874 quo

182 879 324 919 minus
351 879 404 919 ab
432 893 480 920 eo
507 879 561 932 id,
588 879 700 932 quod
724 878 846 930 desit,
872 879 1126 933 requiratur.
1171 878 1359 933 Optuma
1379 881 1522 920 autem

180 937 396 978 hereditas
436 953 461 978 a
498 938 694 992 patribus
731 937 918 978 traditur
956 937 1103 979 liberis
1147 937 1347 991 omnique
1392 938 1522 992 patri-

181 996 324 1038 monio
352 996 642 1051 praestantior
671 997 811 1051 gloria
836 996 1009 1037 virtutis
1036 1011 1262 1051 rerumque
1289 999 1521 1052 gestarum,
1542 1009 1575 1034 15

182 1055 249 1107 cui
281 1055 476 1097 dedecori
507 1070 598 1096 esse
629 1055 750 1096 nefas
784 1057 845 1107 [et
876 1055 1047 1108 vitium]
1080 1055 1351 1097 iudicandum
1387 1058 1463 1096 est.

269 1113 328 1155 Et
355 1114 557 1168 quoniam
583 1114 726 1155 officia
750 1128 837 1155 non
862 1114 1008 1155 eadem
1036 1114 1278 1169 disparibus
1306 1114 1521 1155 aetatibus

180 1173 429 1214 tribuuntur
450 1173 617 1227 aliaque
638 1175 738 1214 sunt
763 1173 975 1226 iuvenum,
1002 1173 1085 1214 alia
1106 1173 1339 1226 seniorum,
1360 1173 1522 1227 aliquid

181 1232 312 1272 etiam
350 1231 400 1272 de
438 1231 518 1273 hac
557 1231 831 1273 distinctione
870 1231 1091 1273 dicendum
1129 1235 1205 1273 est.
1267 1231 1347 1273 Est
1387 1232 1522 1287 igitur

182 1290 465 1332 adulescentis
504 1290 687 1331 maiores
729 1293 834 1331 natu
877 1290 1015 1331 vereri
1059 1305 1192 1344 exque
1235 1290 1288 1331 iis
1333 1290 1519 1346 deligere
1539 1303 1573 1327 20

181 1350 368 1403 optimos
389 1352 432 1390 et
451 1349 795 1403 probatissimos,
822 1363 1002 1403 quorum
1023 1349 1202 1390 consilio
1230 1352 1358 1402 atque
1380 1352 1520 1391 aucto-

180 1409 310 1449 ritate
347 1408 530 1461 nitatur3
574 1408 760 1449 ineuntis
805 1408 918 1449 enim
963 1408 1117 1449 aetatis
1162 1408 1335 1449 inscitia
1372 1422 1520 1449 senum

180 1467 479 1508 constituenda
506 1469 548 1508 et
574 1467 760 1521 regenda
784 1466 1012 1521 prudentia
1037 1469 1113 1508 est.
1156 1466 1356 1508 Maxume
1376 1469 1520 1508 autem

179 1525 285 1567 haec
317 1528 435 1567 aetas
469 1541 494 1567 a
525 1525 776 1567 libidinibus
815 1525 996 1567 arcenda
1028 1528 1094 1566 est
1128 1525 1442 1579 exercendaque
1473 1526 1519 1567 in

179 1584 328 1626 labore
359 1584 653 1639 patientiaque
686 1586 729 1625 et
760 1584 891 1625 animi
924 1587 967 1625 et
995 1585 1197 1639 corporis,
1229 1586 1277 1625 ut
1302 1598 1448 1625 eorum
1476 1587 1519 1625 et
1538 1596 1571 1621 25

179 1644 223 1684 in
243 1643 408 1684 bellicis
429 1646 472 1684 et
491 1643 535 1684 in
561 1643 759 1685 civilibus
780 1643 931 1684 officiis
952 1642 1097 1698 vigeat
1116 1643 1337 1684 industria.
1375 1643 1519 1697 Atque

180 1702 310 1743 etiam
331 1717 426 1743 cum
447 1702 640 1743 relaxare
661 1702 826 1743 animos
848 1705 890 1743 et
911 1702 1009 1743 dare
1030 1716 1074 1743 se
1091 1702 1347 1743 iucunditati
1361 1703 1519 1755 volent,

179 1764 359 1802 caveant
379 1761 767 1816 intemperantiam,
794 1760 1065 1802 meminerint
1090 1760 1379 1814 verecundiae,
1407 1761 1519 1815 quod

180 1819 262 1860 erit
292 1819 472 1873 facilius,
504 1820 541 1861 si
571 1834 621 1861 ne
651 1819 696 1861 in
728 1820 817 1861 eius
844 1819 959 1860 modi
986 1819 1155 1873 quidem
1182 1820 1308 1860 rebus
1334 1820 1517 1861 maiores

113 1889 175 1920 5⁸23
197 1881 303 1920 natu
339 1879 489 1920 nolent
528 1879 746 1920 interesse.
808 1877 988 1920 Senibus
1034 1881 1178 1919 autem
1222 1878 1391 1919 labores
1430 1890 1570 1920 cor-so

178 1937 296 1992 poris
328 1937 563 1991 minuendi,
602 1937 927 1978 exercitationes
967 1937 1097 1978 animi
1136 1937 1265 1978 etiam
1299 1937 1518 1992 augendae

178 1995 395 2049 videntur3
434 1996 573 2038 danda
609 2011 709 2038 vero
749 2011 896 2050 opera,
934 1998 983 2036 ut
1020 1998 1061 2037 et
1100 1996 1258 2037 amicos
1298 1998 1340 2036 et
1377 1996 1519 2037 iuven-

177 2057 315 2096 tutem
348 2057 391 2096 et
422 2055 605 2096 maxime
638 2069 727 2096 rem
759 2055 976 2109 publicam
1009 2054 1187 2096 consilio
1218 2057 1260 2096 et
1291 2055 1518 2109 prudentia

179 2128 307 2167 quam
339 2113 572 2168 plurimum
605 2114 817 2155 adiuvent.
867 2113 988 2155 Nihil
1021 2116 1165 2154 autem
1198 2113 1337 2167 magis
1370 2128 1517 2155 caven-

177 2172 279 2213 dum
317 2174 382 2213 est
421 2173 647 2225 senectuti,
689 2187 817 2226 quam
847 2186 901 2213 ne
939 2172 1139 2226 languori
1172 2186 1216 2213 se
1249 2172 1517 2226 desidiaeque
1537 2184 1570 2210 ³⁵

178 2230 323 2284 dedat,
354 2231 523 2272 luxuria
547 2245 647 2272 vero
674 2246 769 2272 cum
796 2230 912 2272 omni
938 2230 1071 2271 aetati
1096 2230 1248 2285 turpis,
1280 2232 1373 2271 tum
1403 2245 1517 2272 sene-

176 2289 286 2331 ctuti
321 2288 570 2330 foedissima
608 2291 691 2341 est3
735 2289 802 2330 sin
839 2292 982 2330 autem
1024 2288 1154 2330 etiam
1195 2288 1419 2330 libidinum
1457 2289 1517 2330 in-

111 1093 168 1133 34

113 1146 177 1176 122
