1673 2505
347 113 625 150 POEMATUM.
651 113 694 148 H.
722 112 771 148 lV
796 113 819 147 b
846 125 878 148 v.
905 117 1099 149 206—276.
1308 113 1392 154 389

59 221 274 275 Increpuit
303 222 478 262 crociens
508 222 640 263 densis
671 221 863 262 exercitus
893 221 983 262 alis.
1326 230 1393 260 240

63 280 179 322 Tunc
208 280 441 320 mansuetae
470 283 626 329 anates,
657 283 775 332 atque
805 280 918 320 intra
949 279 1096 320 limina
1126 279 1266 331 doyens

63 337 268 381 Graculus
299 338 477 379 assiduis
506 339 698 390 quatiunt
725 338 977 390 suyyrundia
1000 337 1169 390 pennis:

64 397 178 438 Tunc
205 396 357 448 fulicae
387 397 546 449 maynis
569 400 744 449 poscunt
771 396 1014 437 clamoribus
1044 396 1187 437 undas.

61 455 177 497 Haec
205 468 274 508 ne,
303 455 340 496 si
363 455 531 507 pluviae
560 456 692 506 cupies
722 468 947 507 coynoseere
975 457 1138 508 sortem,

61 513 296 566 Despicias,
326 527 397 554 nec
427 527 517 554 cum
548 514 662 554 solito
693 513 915 554 maioribus
945 514 1058 555 ausis

61 571 322 624 Purpureum
353 585 512 613 muscae
541 575 696 613 certant
723 572 891 613 haurire
920 585 1121 612 cruorem:

60 631 151 673 Aut
179 633 290 671 nocte
321 631 524 683 incipiunt
545 634 688 683 putres
719 644 958 672 concrescere
986 631 1118 683 funyi,

61 689 239 731 Ardenti
268 689 314 730 in
347 692 466 730 testa:
493 689 649 742 yelidae
678 690 737 731 vel
769 693 940 742 tempore
970 689 1155 742 brumae,

61 747 186 790 Nune
216 761 256 789 se
286 747 473 789 submisit
501 748 691 789 sublimes
721 749 844 789 ardor
874 749 918 788 in
949 761 1092 800 auras,

61 806 122 848 Et
149 819 257 847 nunc
288 807 472 847 deciduos
502 807 613 859 iynes
642 820 825 848 vomuere
856 807 1039 847 lucernae
1332 815 1399 846 250

62 865 272 917 Ampullis
302 865 471 919 similes,
504 869 681 907 tenuesve
711 879 738 906 a
769 866 921 906 lumine
950 879 1105 906 summo

61 923 299 965 Dimanant
328 924 456 974 radii,
488 938 557 965 seu
585 925 689 976 forte
719 927 867 966 aestate
896 937 1037 966 serena

64 981 300 1035 Conspicias
330 983 474 1024 densas
505 986 676 1024 anatum
706 983 873 1024 volitare
904 986 1105 1024 catervas:

63 1041 153 1082 Aut
183 1041 270 1094 iyni
300 1042 507 1094 appositas
536 1042 661 1083 multo
692 1055 783 1083 cum
815 1042 966 1083 lumine
996 1042 1125 1082 cernis

63 1099 299 1141 Scintillare
329 1100 447 1150 ollas,
479 1103 515 1141 et
544 1101 669 1141 multo
701 1114 748 1142 ex
778 1114 869 1141 aere
900 1100 1056 1141 lebetes:
1333 1109 1400 1140 255

64 1158 120 1199 In
151 1159 322 1199 cinerive
352 1159 460 1200 vides
489 1159 638 1200 rutilas
668 1160 836 1200 carbone
866 1160 1012 1212 tepenti

64 1216 270 1268 Effervere
299 1220 417 1258 notas
424 1250 435 1270 ,
463 1217 600 1269 forma
624 1213 712 1259 'non
742 1218 903 1270 dispare
933 1216 1119 1258 cenchris.

63 1275 180 1317 Haec
211 1278 324 1317 catus
354 1276 531 1329 observa,
562 1280 599 1317 ct
620 1277 810 1329 pluviam
839 1289 1001 1329 sperare
1031 1278 1235 1316 memento.

63 1334 221 1387 Infima
250 1335 288 1375 si
318 1335 467 1376 montis
495 1336 630 1376 videas
661 1336 748 1377 sola
778 1338 921 1376 cuncta
952 1335 1122 1376 tenebris

63 1393 124 1435 Et
153 1406 269 1434 caeca
300 1393 451 1435 obvolvi
480 1394 641 1443 nebula,
671 1407 951 1446 summumque
981 1407 1169 1435 cacumen
1335 1403 1402 1434 260

65 1451 198 1493 Nulla
227 1451 330 1493 nube
353 1453 505 1505 premi,
537 1454 724 1494 candenti
753 1453 832 1505 fide
861 1466 1008 1494 sereno.

63 1510 171 1552 Fide
200 1524 336 1552 screno
368 1511 507 1561 etiam,
531 1512 652 1564 ponti
681 1525 800 1564 super
831 1525 1007 1564 aequora
1034 1511 1138 1563 ferri

65 1568 223 1610 Nubila
252 1570 289 1611 si
319 1583 475 1624 cernas,
505 1571 575 1611 sed
602 1571 783 1611 nondum
814 1584 969 1623 veryere
999 1571 1043 1611 in
1073 1570 1203 1610 altum

65 1626 147 1670 Ceu
172 1628 314 1681 pelaqo
345 1629 546 1670 eminulas
576 1630 712 1670 videas
741 1643 974 1682 consuryere
1003 1642 1132 1682 rupes.

65 1685 169 1728 Cum
198 1688 342 1728 renitet
369 1689 533 1741 sudum,
563 1691 776 1729 venturam
806 1689 966 1740 inquire
989 1687 1208 1741 procellam
1218 1701 1231 1728 :
1335 1698 1403 1729 265

65 1744 244 1798 Cumque
260 1746 440 1799 procella
462 1747 569 1798 furit
591 1748 759 1788 sudum:
791 1750 909 1800 atquc
933 1750 1026 1788 ante
1050 1747 1190 1788 omnia
1215 1745 1403 1788 Placitum

64 1804 229 1858 Aspice,
261 1819 363 1857 quae
393 1806 506 1846 curvi
535 1806 721 1847 conclusa
751 1809 809 1847 est
837 1807 965 1847 sidere
996 1805 1162 1858 Cancri,

65 1862 257 1904 Primum
288 1864 385 1905 adeo
416 1864 603 1906 abstersis
633 1878 723 1906 eum
751 1865 879 1918 fulyet
900 1878 1013 1917 pura
1045 1865 1235 1906 tenebris:

64 1920 162 1963 Hae
184 1936 298 1975 pura
328 1923 458 1964 subito
491 1927 699 1976 tempestas
729 1924 898 1965 horrida
928 1924 1038 1965 cedit.

64 1980 179 2022 Hine
198 1982 341 2022 tacitae
359 1983 405 2022 in
419 1982 572 2034 lychnis
584 1982 786 2036 flammae,
807 1983 1076 2035 blandumque
1088 1995 1310 2024 susurrans
1337 1993 1404 2024 2ῖο

65 2039 228 2081 Noctua
257 2040 331 2081 sub
361 2042 536 2082 mediam
567 2044 736 2094 noctem,
767 2055 1005 2082 marcescere
1034 2042 1183 2083 sensim

63 2098 322 2141 Horrisonas
352 2103 582 2140 monstrant
611 2099 782 2154 hyemes,
815 2104 852 2141 et
880 2113 1034 2152 vespere
1064 2113 1151 2141 sero

72 2156 172 2199 Voce
202 2171 349 2199 canens
379 2159 498 2199 varia
520 2159 733 2211 placidum
764 2159 970 2201 cornicula
999 2172 1172 2200 carmen.

65 2215 211 2257 Rauca
241 2217 364 2258 etiam
387 2218 574 2270 primum
605 2218 682 2259 soli
713 2221 807 2259 tune
838 2231 1054 2259 murmura
1084 2219 1192 2259 corvi

65 2274 347 2327 Inyeminant,
378 2279 416 2316 et
444 2289 484 2317 se
514 2290 660 2329 mayno
686 2281 780 2330 post
809 2277 969 2330 aymine
998 2277 1190 2331 iunaunt,
1338 2286 1405 2317 275

1330 522 1349 551 [Θ

1353 521 1372 552 ,μ

1377 521 1396 551 01

0 2343 6 2348 '
63 2333 200 2387 Atque
230 2334 362 2375 alacri
391 2334 560 2376 subeunt
588 2338 788 2377 nocturna
818 2336 968 2377 cubilia
1000 2339 1136 2376 turma
