1663 2490
492 98 592 134 CAP,
622 102 675 141 18,
704 102 756 133 19.
808 102 827 140 g
855 102 1004 134 63—69.
1337 99 1420 139 155

80 206 180 248 nilis
214 205 314 260 quid
347 205 430 246 sibi
461 205 578 259 velit,
608 219 694 247 non
725 205 950 260 intellego3
987 207 1132 260 potest
1164 205 1277 246 enim
1310 205 1421 259 quic-

41 301 43 303 ,
82 279 211 319 quam
237 277 330 305 esse
356 263 581 304 absurdius
615 278 755 318 quam,
787 278 870 318 quo
896 263 991 304 viae
1020 263 1161 304 minus
1193 265 1340 317 restet,
1372 277 1420 304 eo

80 324 178 378 plus
210 322 357 363 viatici
389 322 622 375 quaerere?

169 379 332 429 Quarta
368 382 505 421 restat
543 394 688 434 causa,
730 395 836 434 quae
875 380 1058 421 maxime
1098 393 1254 434 angere
1294 382 1421 433 atque
1440 380 1490 421 19

44 451 62 476 ⁵
81 439 314 481 sollicitam
344 438 503 480 habere
534 442 727 480 nostram
761 441 946 480 aetatem
977 438 1164 492 videtur,
1196 437 1422 492 adpropin-

82 499 227 552 quatio
260 497 424 550 mortiS,
458 511 565 551 quae
597 501 710 538 certe
743 512 767 538 a
800 499 1016 538 senectute
1047 511 1134 538 non
1157 498 1303 551 potest
1331 510 1422 537 esse

80 557 220 612 longe.
271 554 306 597 O
333 556 538 597 miserum
565 570 720 610 senem,
753 556 825 610 qui
851 558 1036 597 mortem
1068 555 1422 597 contemnendam

81 629 173 656 esse
204 615 250 655 in
280 617 371 655 tam
403 615 535 670 longa
567 616 709 655 aetate
739 628 826 655 non
851 614 1024 655 viderit!
1059 627 1165 668 quae
1195 616 1270 654 aut
1294 614 1422 668 plane

80 673 348 729 neglegenda
368 675 445 726 est,
472 673 508 714 si
528 673 701 714 omnino
724 672 937 728 extinguit
964 673 1165 726 animum,
1192 675 1266 713 aut
1292 672 1423 713 etiam

29 744 61 768 ιο
82 731 283 786 optanda,
316 732 352 772 si
384 732 527 785 aliquo
562 746 658 773 eum
691 731 871 785 deducit,
902 731 976 772 ubi
1009 731 1066 772 sit
1090 730 1262 772 futurus
1289 733 1423 772 aeter-

80 805 179 844 nus,
224 790 343 844 atqui
380 791 558 832 tertium
595 792 708 832 certe
746 790 853 831 nihil
892 790 1074 831 inveniri
1113 792 1277 844 potest3
1322 789 1423 844 quid

80 849 215 904 igitur
258 849 456 902 timeam,
500 849 536 890 si
581 851 656 890 aut
697 863 784 890 non
821 848 951 890 miser
988 850 1088 903 post
1126 851 1310 890 mortem
1349 850 1424 889 aut

81 908 234 949 beatus
268 908 398 949 etiam
428 907 599 948 futurus
633 907 755 948 sum?
806 906 1075 961 Quamquam
1109 907 1203 960 quis
1236 909 1302 948 est
1332 909 1424 948 tam

83 967 254 1020 stultus,
286 966 481 1020 quamvis
514 966 571 1007 sit
603 966 863 1019 adulescens,
895 965 962 1006 cui
994 966 1051 1006 sit
1082 967 1353 1019 exploratum
1380 980 1424 1006 se

30 1036 62 1060 ¹5
83 1025 135 1066 ad
172 1039 399 1079 vesperum
437 1038 528 1065 esse
566 1024 809 1065 victurum?
871 1022 982 1072 Quin
1020 1023 1152 1064 etiam
1191 1026 1309 1065 aetas
1347 1024 1425 1065 illa

11 1108 17 1114 ·
81 1083 219 1124 multo
246 1083 390 1137 plures
419 1097 548 1136 quam
572 1085 724 1124 nostra
749 1096 871 1124 casus
897 1081 1049 1123 mortis
1076 1082 1227 1136 habet,
1254 1082 1424 1123 facilius

80 1142 126 1183 in
162 1142 335 1183 morbos
373 1139 566 1182 incidunt
607 1140 917 1193 adulescentes,
964 1140 1137 1195 gravius
1183 1143 1425 1196 aegrotant,

80 1200 249 1242 tristius
276 1202 490 1241 curantur.
532 1198 684 1253 Itaque
710 1199 834 1254 pauci
860 1198 1037 1240 veniunt
1064 1199 1116 1240 ad
1143 1202 1425 1252 senectutem3

83 1259 195 1313 quod
234 1259 279 1299 ni
316 1259 379 1300 ita
417 1257 643 1311 accideret,
686 1258 840 1299 melius
884 1260 927 1299 et
970 1257 1222 1312 prudentius
1265 1258 1425 1299 vivere-

29 1328 63 1354 20
83 1320 164 1359 tur.
214 1317 335 1358 Mens
368 1317 480 1358 enim
513 1319 556 1357 et
587 1316 698 1358 ratio
731 1320 774 1357 et
806 1316 1032 1358 consilium
1063 1316 1109 1357 in
1141 1316 1314 1357 senibus
1342 1319 1426 1370 est3

84 1376 157 1430 qui
189 1376 224 1417 si
255 1376 364 1417 nulli
394 1375 587 1429 fuissent,
618 1376 763 1417 nullae
795 1375 968 1417 omnino
1001 1374 1199 1416 civitates
1230 1374 1425 1416 fuissent.

84 1433 166 1476 Sed
196 1434 321 1476 redeo
361 1434 414 1475 ad
450 1437 634 1476 mortem
670 1434 984 1489 inpendentem.
1046 1432 1169 1482 Quod
1207 1436 1272 1475 est
1309 1433 1424 1475 istud

83 1493 245 1535 crimen
276 1493 519 1548 senectutis,
552 1507 648 1534 cum
675 1493 717 1533 id
745 1493 783 1534 ei
808 1492 989 1533 videatis
1016 1507 1111 1534 cum
1138 1492 1425 1534 adulescentia

85 1565 176 1594 esse
208 1552 461 1593 commune?
523 1549 645 1592 Sensi
676 1565 756 1607 ego
788 1551 833 1592 in
865 1551 1029 1605 optimo
1061 1551 1172 1601 filio,
1203 1553 1251 1592 tu
1282 1551 1328 1591 in
1359 1566 1425 1592 ex—

31 1620 65 1646 85
84 1610 267 1665 pectatis
301 1610 353 1651 ad
386 1610 698 1665 amplissimam
731 1610 987 1665 dignitatem
1017 1608 1239 1663 fratribus,
1272 1608 1426 1664 Scipio,

84 1672 268 1711 mortem
301 1669 417 1710 omni
449 1668 583 1710 aetati
615 1683 706 1710 esse
739 1683 1018 1710 communem.
1068 1667 1130 1708 At
1156 1670 1301 1723 sperat
1328 1668 1426 1709 adu-

84 1728 248 1770 lescens
281 1727 352 1769 diu
385 1742 428 1769 se
454 1727 679 1780 victurum,
712 1727 824 1781 quod
851 1741 1022 1781 sperare
1047 1726 1161 1768 idem
1188 1741 1315 1768 senex
1339 1741 1426 1768 non

65 1786 240 1842 potest.
294 1785 553 1841 Insipienter
586 1789 741 1840 sperat.
798 1785 908 1834 Quid
940 1785 1053 1826 enim
1088 1785 1263 1826 stultius
1298 1800 1424 1839 quam

84 1845 249 1888 incerta
278 1859 357 1900 pro
389 1845 517 1886 certis
548 1844 719 1899 habere,
750 1843 863 1886 falsa
893 1858 971 1899 pro
1003 1843 1144 1886 veris?
1206 1843 1267 1885 At
1299 1858 1426 1885 senex

34 1914 137 1945 zone
181 1903 294 1958 quod
337 1906 480 1959 speret
523 1903 694 1958 quidem
736 1903 879 1944 habet.
946 1902 1006 1943 At
1046 1905 1113 1944 est
1156 1917 1204 1944 eo
1249 1902 1426 1944 meliore

86 1962 330 2005 condicione
358 1977 486 2017 quam
513 1962 773 2016 adulescens,
806 1961 919 2016 quod
943 1961 998 2015 id,
1031 1961 1144 2015 quod
1167 1961 1242 2002 ille
1268 1964 1426 2016 sperat,

84 2021 155 2063 hic
185 2023 437 2064 consecutus
470 2024 552 2076 est,
584 2021 658 2062 ille
690 2021 785 2063 vult
816 2021 887 2061 diu
917 2020 1072 2074 vivere,
1103 2020 1173 2061 hic
1205 2020 1276 2061 diu
1307 2020 1425 2061 vixit.

87 2078 372 2135 Quamquam,
415 2094 440 2122 o
479 2079 522 2121 di
558 2079 677 2121 boni!
723 2079 825 2134 quid
862 2081 927 2120 est
964 2079 1009 2119 in
1046 2078 1232 2120 hominis
1270 2081 1427 2120 natura

86 2137 187 2180 diu?
247 2138 316 2180 Da
347 2138 460 2180 enim
493 2152 707 2180 summum
739 2141 922 2193 tempus,
953 2140 1225 2192 expectemus
1257 2137 1427 2179 Tartes-

36 2206 68 2233 85
89 2196 248 2238 sior-um
279 2197 393 2253 regis
431 2199 618 2239 aetatem
658 2196 760 2252 (fuit
798 2197 928 2251 enim,
965 2198 1014 2238 ut
1051 2196 1259 2251 scriptum
1290 2196 1426 2250 video,

88 2254 414 2310 Arganthonius
454 2256 626 2310 quidam
658 2255 868 2309 Gadibus,
906 2254 979 2309 qui
1015 2255 1238 2311 octoginta
1274 2270 1425 2311 regna-

86 2313 152 2354 vit
200 2328 353 2368 annos,
402 2317 573 2356 centum
621 2314 778 2370 viginti
827 2312 955 2367 vixit)
1000 2338 1056 2345 -
1101 2314 1174 2355 sed
1224 2314 1330 2356 mihi
1372 2328 1426 2355 ne

1450 800 1491 831 67

1451 1561 1493 1592 68
