1673 2505
228 98 312 139 278
746 96 1044 131 FRAGMENTA

287 220 399 248 reum
436 208 483 248 de
519 207 559 248 vi
594 206 836 248 constituens
866 203 915 246 P.
948 203 1154 258 Clodium,
1191 206 1306 247 cuius
1341 218 1405 247 res
1436 208 1570 258 ,orestae

288 279 423 307 omnes
465 266 571 306 nihil
610 278 806 317 umquam
843 264 1156 316 tranquillitatis
1192 263 1377 305 habuisse
1409 264 1569 305 videan-

289 328 372 377 tur,
409 325 479 366 sed
514 324 653 365 statim
691 322 860 375 coeperit
889 322 939 363 ab
970 322 1240 364 adulescentia
1267 322 1414 374 furere.
1474 322 1571 363 Iam

288 384 402 424 exilii
432 383 497 424 sui
528 383 768 423 mentionem
799 394 922 434 quam
958 381 1158 422 subtiliter
1189 385 1226 422 et
1260 381 1451 431 consulte,
1487 394 1571 422 non

288 441 511 494 specialiter
541 454 612 481 nec
641 440 903 492 nominatim,
940 440 1010 481 sed
1030 453 1108 492 per
1138 439 1242 481 lianc
1268 440 1572 492 yeneralitatem
1608 451 1623 476 5

289 500 449 548 intulit;
481 500 676 552 quoniam
706 502 794 540 erat
823 499 982 551 aliquid
1005 512 1094 539 cum
1124 511 1201 540 sua
1227 499 1344 540 laude
1369 499 1571 540 dicturus:

288 557 516 599 Eiciendus
544 561 622 611 est,
653 558 796 610 inquit,
830 571 878 598 ex
904 557 1008 598 urbe
1036 556 1139 598 civis
1173 560 1321 598 auctor
1353 559 1396 598 et
1428 559 1571 599 custos

291 616 462 668 salutis,
507 617 584 657 otii
629 616 871 671 dignitatis,
915 615 1030 656 fidei!
1100 615 1215 657 Haec
1257 616 1451 668 quoniam
1493 617 1573 669 ipsi

289 676 512 728 honorifica
543 679 675 726 erant,
714 675 832 728 quasi
868 675 914 716 de
944 675 1080 727 aliquo
1120 675 1360 728 loqueretur,
1398 675 1572 728 induxit,

290 748 340 776 ne
361 747 441 787 pro
473 735 663 776 insolenti
694 737 731 774 et
760 734 1053 775 iactantissimo
1084 733 1305 775 haberetur.
1595 746 1626 770 10

320 793 358 834 3.
390 792 668 834 includendus
699 793 815 833 intra
845 792 1044 846 parietes.

387 851 554 894 Videtur
578 855 615 893 et
633 851 704 893 Cn.
724 851 915 904 Pompeio
935 852 1039 892 idem
1059 849 1226 893 Clodius
1251 851 1426 893 insidias
1446 865 1573 905 para-

290 912 402 952 visse.
463 911 610 963 Itaque
645 911 820 952 oratorie
858 910 1018 951 laudem
1048 910 1212 951 subiecit
1241 909 1312 951 lioc
1341 910 1572 962 inferendo:

320 970 359 1010 4.
398 969 471 1024 qui
502 969 651 1024 populi
683 969 732 1010 R.
769 968 996 1023 imperium
1028 982 1115 1009 non
1145 971 1358 1010 terrarum
1391 969 1573 1025 regioni-

232 1029 329 1082 bus,
362 1030 434 1070 sed
467 1029 575 1070 caeli
606 1028 802 1082 partibus
834 1027 1094 1069 terminavit.
1595 1038 1627 1064 15

380 1088 472 1129 Hoc
502 1089 609 1128 enim
641 1089 701 1128 ita
725 1088 988 1139 superiectum
1019 1089 1086 1139 est,
1117 1089 1162 1127 ut
1186 1090 1223 1128 et
1245 1086 1437 1140 Pompeio
1463 1086 1574 1128 blan-

291 1147 446 1188 diretur
483 1150 519 1187 et
550 1145 742 1188 Clodium
778 1146 898 1198 quasi
933 1145 1082 1187 hostem
1111 1145 1322 1198 publicum
1359 1146 1574 1198 denotaret,

291 1206 361 1258 qui
397 1207 532 1247 virum
570 1208 653 1246 tam
691 1205 959 1246 necessarium
996 1205 1056 1245 rei
1080 1217 1123 1256 p.
1164 1205 1242 1257 ipsi
1275 1205 1426 1257 eripere
1456 1218 1573 1246 cona-

293 1268 357 1305 tus
390 1265 454 1305 sit.

322 1323 359 1364 5.
397 1322 487 1364 Nec
525 1337 624 1364 vero
665 1326 758 1363 tum
797 1321 1033 1363 timendum
1071 1321 1170 1373 fuit,
1216 1336 1311 1362 cum
1356 1321 1572 1363 cessimus.
1594 1334 1627 1358 20

381 1382 495 1423 Bene
519 1382 692 1422 clocutus
718 1384 775 1422 est
798 1381 844 1422 de
868 1381 988 1422 exilio
1012 1393 1095 1433 suo,
1126 1381 1232 1432 quod
1255 1380 1404 1421 maluit
1433 1381 1574 1422 disces-

292 1441 443 1482 sionem
473 1454 612 1482 vocare
642 1453 762 1492 quam
790 1453 976 1492 poenam.

323 1499 360 1540 6.
382 1498 567 1540 Eosdem
589 1499 642 1540 ad
664 1498 834 1540 caedem
856 1498 1008 1539 civium
1032 1497 1081 1538 de
1102 1497 1328 1552 Apennino
1351 1497 1573 1539 deduxisti.

383 1558 511 1610 Quasi
546 1557 641 1599 haec
677 1558 816 1598 omnia
847 1558 891 1598 in
923 1556 1126 1598 Catilinae
1155 1557 1307 1597 socium
1338 1557 1573 1611 dicerentur,

294 1617 353 1657 ita
383 1618 622 1658 mentionem
653 1617 791 1657 attulit
820 1616 1049 1668 Apennini,
1080 1628 1196 1667 quem
1226 1629 1356 1668 nuper
1386 1616 1454 1657 ille
1483 1629 1573 1657 cum
1594 1625 1628 1652 25

294 1677 468 1717 exercitu
499 1676 735 1716 obtinuerat.

327 1735 363 1776 7.
395 1734 629 1789 Lapidibus
663 1734 744 1776 duo
777 1733 973 1775 consules
1006 1733 1259 1775 ceciderunt.

384 1792 457 1835 Cn.
488 1793 719 1834 Domitium
758 1793 974 1834 Calvinum
1010 1795 1047 1833 et
1076 1792 1138 1833 M.
1178 1792 1387 1834 Valerium
1417 1792 1574 1834 Messa-

296 1853 390 1894 lam.
452 1852 538 1893 Nec
574 1852 662 1893 alia
689 1852 775 1904 fuit
810 1865 950 1904 causa,
988 1864 1060 1892 cur
1090 1854 1252 1892 senatus
1282 1855 1574 1904 convocaretur,

295 1925 417 1963 quam
448 1911 524 1952 illa
547 1911 783 1964 praecipua,
813 1911 920 1962 quod
943 1909 990 1950 P.
1018 1908 1188 1951 Clodius
1218 1911 1392 1951 inmissa
1416 1911 1572 1952 seditio·
1595 1921 1628 1947 30

294 1983 431 2011 sorum
467 1983 593 2011 manu
624 1970 788 2011 comitia
827 1969 1072 2021 turbaverat,
1113 1982 1215 2021 quae
1250 1969 1499 2010 habebantur
1529 1970 1576 2010 de

294 2029 524 2070 consulibus
554 2029 757 2081 creandis,
789 2041 878 2069 cum
910 2031 1008 2069 esset
1035 2028 1157 2068 etiam
1184 2027 1292 2069 Milo
1324 2028 1576 2070 candidatus.

325 2087 362 2129 8.
390 2086 471 2135 Qui
496 2087 644 2128 multis
670 2086 1013 2142 inspectantibus
1040 2089 1168 2141 caput
1193 2086 1390 2141 feriebas,
1416 2087 1576 2128 femina

236 2145 487 2201 plangebas.

384 2204 551 2246 Gestum
580 2205 730 2257 furiosi
760 2205 937 2246 hominis
968 2237 977 2245 .
1009 2237 1017 2245 .
1052 2237 1060 2245 .
1093 2237 1101 2245 .
1595 2219 1627 2246 35
1672 2234 1673 2239 ,

324 2263 362 2304 9.
394 2262 424 2317 †
454 2263 531 2304 bei·
563 2263 753 2305 animose
786 2263 1012 2306 confidens.

382 2322 439 2364 In
473 2321 665 2365 Clodium
704 2323 964 2374 convertitur,
1001 2325 1045 2363 ut
1083 2321 1205 2363 lucius
1242 2322 1351 2364 modi
1387 2322 1576 2376 obsequia
1634 2314 1637 2323 ’
