1663 2490
425 36 512 72 LIB.
540 37 584 71 ΙΙ.
636 36 736 73 ΟΑΡ.
764 42 865 73 5-7.
915 41 935 80 ἓ
964 42 1109 73 16-23.
1385 37 1440 80 63

99 157 289 197 morsus,
332 144 540 199 impetus,
583 144 689 186 haec
732 159 857 201 ergo,
900 147 949 186 ut
992 145 1096 198 dixi,
1141 145 1317 186 rariora.
1380 147 1440 186 At

99 217 200 244 vero
243 202 443 244 interitus
482 203 761 257 exercituum,
804 206 852 245 ut
888 204 1081 258 proxime
1118 203 1268 257 trium,
1313 218 1440 258 saepe

47 280 50 283 *
98 261 352 315 multorum,
396 261 537 303 clades
574 261 902 316 imperatorum,
945 264 993 303 ut
1029 276 1165 316 nuper
1203 262 1359 303 summi
1397 264 1440 303 et

99 319 332 375 singularis
370 320 470 373 viri,
506 320 692 361 invidiae
729 323 952 375 praeterea
989 320 1278 362 multitudinis
1311 323 1440 374 atque

63 386 79 413 5
99 377 152 419 ob
180 391 251 419 eas
277 378 384 419 bene
409 378 661 420 meritorum
687 392 814 433 saepe
840 379 995 421 civium
1021 379 1305 434 expulsiones,
1330 379 1440 420 cala-

98 436 289 490 mitates,
319 436 467 492 fugae,
498 451 730 491 rursusque
763 437 969 479 secundae
1001 451 1086 492 res,
1124 438 1327 485 honores,
1363 437 1439 478 im-

97 494 235 549 peria,
265 495 487 549 victoriae,
520 510 780 550 quamquam
811 496 992 538 fortuita
1023 499 1140 550 sunt,
1171 499 1315 538 tamen
1349 496 1438 537 sine

97 553 320 595 hominum
359 554 511 608 opibus
550 556 593 595 et
630 554 782 595 studiis
820 557 1017 596 neutram
1052 555 1096 596 in
1127 558 1296 610 partem
1328 553 1439 596 effici

97 615 289 667 possunt.
350 612 446 654 Hoc
482 612 618 668 igitur
655 613 828 668 cognito
867 613 1089 655 dicendum
1127 617 1209 668 est,
1253 627 1438 668 quonam

46 681 78 706 ¹⁰
99 671 224 712 modo
263 671 485 712 hominum
523 671 664 713 studia
702 672 755 713 ad
793 672 1004 714 utilitates
1048 675 1220 714 nostras
1266 672 1438 713 allicere

99 733 227 783 atque
254 730 439 771 excitare
464 730 690 785 possimus.
740 728 856 778 Quae
882 731 919 772 si
938 731 1108 786 longior
1132 731 1262 773 fuerit
1288 731 1438 784 oratio,

98 802 193 830 cum
231 788 526 844 magnitudine
564 788 770 830 utilitatis
813 793 1102 844 comparetur3
1145 790 1208 831 ita
1252 789 1438 831 fortasse

98 847 229 888 etiam
261 847 434 889 brevior
466 847 691 889 videbitur.

186 904 485 960 Quaecumque
522 906 656 961 igitur
698 906 892 948 homines
935 907 1099 948 homini
1143 907 1341 949 tribuunt
1385 906 1438 948 ad

45 971 78 998 ¹5
97 979 192 1005 eum
225 965 467 1020 augendum
499 967 627 1019 atque
658 965 986 1020 honestandum,
1017 968 1091 1007 aut
1122 966 1438 1007 benivolentiae

98 1022 240 1078 gratia
263 1023 440 1077 faciunt,
465 1037 560 1064 cum
586 1024 731 1078 aliqua
756 1024 806 1065 de
825 1038 954 1065 causa
974 1025 1219 1079 quempiam
1240 1024 1439 1079 diligunt,

98 1084 172 1123 aut
209 1081 402 1136 honoris,
447 1082 482 1123 si
522 1082 640 1123 cuius
678 1083 884 1124 virtutem
927 1083 1184 1138 suspiciunt,
1227 1097 1438 1137 quemque

97 1140 273 1196 dignum
292 1140 468 1182 fortuna
488 1155 616 1195 quam
637 1141 905 1196 amplissima
929 1144 1097 1197 putant,
1123 1144 1198 1183 aut
1218 1141 1285 1184 cui
1309 1141 1437 1183 fidem

96 1199 259 1240 habent
289 1201 332 1241 et
363 1200 470 1241 bene
501 1200 628 1241 rebus
661 1200 748 1241 suis
780 1200 1001 1242 consulere
1040 1201 1324 1254 arbitrantur,
1363 1203 1438 1242 aut

43 1266 77 1291 ²0
97 1258 215 1300 cuius
248 1272 350 1313 opes
382 1260 596 1312 metuunt,
628 1261 702 1300 aut
734 1261 902 1312 contra,
934 1274 960 1301 a
991 1259 1145 1314 quibus
1177 1259 1339 1313 aliquid
1370 1273 1437 1300 ex-

97 1319 306 1372 spectant,
330 1319 379 1358 ut
404 1332 500 1359 cum
519 1331 642 1373 reges
661 1318 946 1372 popularesve
965 1318 1161 1360 homines
1181 1317 1436 1374 largitiones

97 1376 264 1430 aliquas
301 1378 566 1431 proponunt,
608 1378 682 1418 aut
722 1379 941 1431 postremo
980 1377 1119 1432 pretio
1159 1391 1206 1418 ac
1245 1377 1436 1418 mercede

97 1434 325 1488 ducuntur,
363 1449 471 1489 quae
509 1434 803 1476 sordidissima
840 1438 906 1476 est
937 1436 1014 1477 illa
1047 1436 1217 1490 quidem
1249 1435 1361 1477 ratio
1394 1437 1437 1476 et

97 1493 444 1548 inquinatissima
476 1496 519 1535 et
549 1494 614 1547 iis,
648 1494 721 1548 qui
752 1508 802 1535 ea
831 1496 1045 1549 tenentur,
1077 1497 1120 1536 et
1150 1494 1251 1548 illis,
1284 1494 1357 1549 qui
1383 1493 1437 1535 ad

41 1560 77 1586 ²5
98 1566 192 1593 eam
218 1552 447 1607 confugere
473 1555 699 1606 conantur3
724 1553 836 1594 male
857 1553 970 1594 enim
997 1568 1040 1595 se
1065 1568 1133 1595 res
1157 1553 1302 1606 habet,
1329 1567 1436 1605 cum,

98 1610 210 1665 quod
241 1611 401 1653 virtute
434 1610 544 1652 effici
576 1611 721 1666 debet,
758 1611 801 1653 id
832 1614 1072 1666 temptatur
1103 1612 1292 1667 pecunia.
1355 1609 1438 1653 Sed

98 1669 299 1724 quoniam
342 1684 430 1711 non
471 1684 705 1724 numquam
749 1670 830 1712 hoc
873 1670 1112 1712 subsidium
1148 1670 1437 1712 necessarium

97 1731 180 1782 est,
225 1743 351 1783 quem
394 1728 447 1770 ad
491 1728 664 1770 modum
703 1729 760 1770 sit
797 1729 1002 1771 utendum
1041 1744 1108 1783 eo,
1153 1729 1358 1783 dicemus,
1401 1729 1438 1770 si

95 1787 214 1842 prius
245 1787 299 1828 iis
333 1787 382 1828 de
414 1787 559 1841 rebus,
592 1802 700 1842 quae
731 1787 883 1829 virtuti
914 1788 1137 1843 propiores
1171 1790 1287 1841 sunt,
1326 1788 1437 1829 dixe-

44 1855 78 1880 30
97 1846 243 1887 rimus.
305 1845 449 1900 Atque
493 1846 624 1887 etiam
669 1846 885 1888 subiciunt
928 1861 972 1888 se
1015 1847 1210 1888 homines
1255 1847 1435 1901 imperio

96 1905 274 1946 alterius
319 1907 362 1946 et
404 1905 614 1960 potestati
658 1905 708 1946 de
752 1905 891 1947 causis
935 1905 1143 1960 pluribus.
1209 1905 1435 1947 Ducuntur

97 1963 208 2005 enim
248 1965 322 2005 aut
359 1963 651 2005 benivolentia
689 1966 763 2005 aut
799 1964 1103 2006 beneficiorum
1141 1964 1436 2020 magnitudine

96 2025 170 2064 aut
196 2022 421 2078 dignitatis
447 2023 715 2077 praestantia
741 2025 815 2064 aut
842 2037 916 2077 spe
943 2023 1025 2064 sibi
1050 2023 1093 2064 id
1118 2023 1224 2064 utile
1242 2023 1436 2065 futurum

96 2083 170 2122 aut
202 2084 338 2136 metu,
368 2096 422 2123 ne
454 2081 496 2122 vi
526 2096 677 2136 parere
709 2084 938 2137 cogantur,
976 2084 1050 2123 aut
1083 2096 1157 2137 spe
1188 2082 1435 2138 largitionis

0 2182 1 2185 ,
43 2147 76 2174 ³5
95 2140 403 2195 promissisque
435 2140 551 2195 capti
583 2143 658 2182 aut
689 2143 926 2195 postremo,
967 2143 1016 2182 ut
1053 2155 1179 2196 saepe
1210 2141 1255 2182 in
1286 2143 1436 2182 nostra

95 2213 140 2240 re
159 2199 333 2253 publica
357 2198 562 2254 videmus,
589 2199 780 2240 mercede
807 2199 1014 2241 conducti.
1064 2199 1264 2241 Omnium
1292 2202 1434 2241 autem

95 2271 237 2298 rerum
272 2271 349 2299 nec
387 2257 528 2312 aptius
567 2260 633 2299 est
671 2258 897 2312 quicquam
936 2258 989 2299 ad
1026 2272 1128 2314 opes
1165 2258 1346 2300 tuendas
1387 2273 1435 2299 ac

1465 156 1510 189 20

1464 917 1505 949 21

1463 1562 1508 1593 22

1463 2178 1485 2219 7

1460 2230 1504 2261 23
