1663 2490
139 483 181 514 91

133 932 182 985 v⁶⁴³2

74 2014 193 2130 v237

210 15 267 56 32
733 14 796 48 DE
823 14 1020 49 OFFICIIS

210 121 378 163 tiones
412 122 729 176 proeliorum
760 121 1037 164 ferocitate
1070 123 1363 164 exultantes
1393 123 1541 165 domi-

210 181 414 222 toribus
439 181 644 222 tradere
671 181 893 234 soleant,
919 183 973 222 ut
996 180 1060 222 iis
1085 181 1415 223 facilioribus
1435 196 1550 236 pos-

211 239 317 280 sint
342 239 434 294 uti,
467 239 539 281 sic
563 239 793 281 homines
820 239 1048 280 secundis
1074 240 1224 281 rebus
1257 239 1549 282 ecfrenatos

212 297 415 352 sibique
440 298 791 353 praefidentes
817 300 1074 352 tamquam
1099 298 1149 339 in
1182 313 1358 354 gyrum
1390 299 1548 340 ratio-

210 356 288 398 nis
321 359 368 397 et
394 356 659 398 doctrinae
686 356 797 398 duci
823 359 1082 411 oportere,
1114 361 1168 398 ut
1194 357 1584 412 perspicerents

212 430 377 456 rerum
408 415 740 456 humanarum
777 415 1182 457 inbecillitatem
1220 416 1549 457 varietatem·

212 488 303 528 que
342 473 611 515 fortunae.²
656 474 799 528 Atque
833 474 963 515 etiam
995 474 1038 515 in
1074 474 1390 516 secundissimis
1422 474 1550 516 rebus

212 533 395 574 maxime
428 535 493 574 est
524 532 728 574 utendum
761 532 939 574 consilio
972 533 1206 575 amicorum
1243 534 1380 588 iisque
1412 533 1550 575 maior

212 592 342 633 etiam
368 606 498 646 quam
524 594 623 632 ante
648 591 876 633 tribuenda
901 592 1145 633 auctoritas.
1195 591 1419 646 Isdemque
1445 595 1549 633 tem-

210 651 387 705 poribus
419 650 653 692 cavendum
685 653 763 704 est,
792 664 846 691 ne
872 651 1212 692 assentatoribus
1238 650 1548 705 patefaciamus
1571 664 1603 688 ιο

211 709 326 750 auris
351 723 457 750 neve
484 708 650 765 adulari
675 723 753 750 nos
782 709 984 763 sinamus,
1015 709 1058 750 in
1085 724 1169 763 quo
1194 709 1289 750 falli
1314 709 1441 751 facile
1467 713 1549 764 est3

210 768 320 809 tales
359 767 472 809 enim
509 782 588 809 nos
618 766 718 809 ‘esse
756 770 975 822 putamus,
1012 771 1061 809 ut
1091 769 1183 809 iure
1222 768 1461 822 laudemur3
1499 783 1548 810 ex

211 841 294 880 quo
332 828 566 868 nascuntur
608 826 939 868 innumerabilia
981 829 1173 881 peccata,
1218 841 1314 868 cum
1354 827 1549 868 homines

210 885 350 926 inflati
387 885 659 943 opinionibus
697 886 883 940 turpiter
918 885 1151 926 irridentur
1189 888 1232 927 et
1269 885 1313 926 in
1351 886 1548 927 maximis

210 947 437 986 versantur
463 944 690 986 erroribus.
735 943 815 985 Sed
841 945 946 986 haec
973 944 1139 998 quidem
1167 944 1386 986 hactenus.
1435 944 1548 986 Illud
1571 956 1601 982 15

211 1006 356 1044 autem
382 1003 441 1044 sic
468 1006 535 1044 est
559 1003 843 1057 iudicandum,
870 1003 1077 1044 maximas
1105 1004 1196 1058 geri
1223 1017 1290 1045 res
1310 1006 1354 1044 et
1374 1003 1549 1045 maximi

211 1062 343 1104 animi
381 1062 435 1103 ab
473 1062 543 1116 iis,
588 1062 660 1116 qui
698 1076 765 1103 res
804 1062 999 1117 publicas
1037 1065 1209 1118 regant,
1253 1061 1366 1116 quod
1404 1077 1550 1104 earum

211 1120 527 1162 administratio
571 1120 782 1162 latissime
826 1123 974 1176 pateat
1019 1120 1072 1162 ad
1114 1121 1409 1176 plurimosque
1458 1136 1549 1176 per-

210 1180 365 1234 tineat3
392 1194 484 1221 esse
505 1182 648 1221 autem
675 1180 821 1235 magni
847 1180 978 1221 animi
1005 1183 1047 1221 et
1072 1179 1203 1221 fuisse
1230 1180 1390 1221 multos
1418 1180 1549 1221 etiam

210 1239 255 1279 in
285 1238 376 1280 vita
414 1239 570 1293 otiosa,
609 1238 680 1293 qui
719 1241 793 1281 aut
829 1239 1143 1293 investigarent
1179 1242 1254 1280 aut
1292 1241 1549 1280 conarentur
1569 1251 1603 1276 20

211 1311 369 1353 magna
407 1297 616 1352 quaedam
648 1311 823 1352 seseque
867 1312 1040 1339 suarum
1076 1311 1218 1339 rerum
1257 1297 1415 1339 finibus
1454 1312 1548 1339 con-

210 1356 397 1398 tinerent
417 1359 492 1397 aut
510 1355 724 1407 interiecti
742 1356 853 1398 inter
878 1356 1160 1411 philosophos
1187 1359 1230 1397 et
1255 1370 1340 1410 eos,
1361 1356 1433 1410 qui
1457 1371 1549 1397 rem

210 1415 426 1470 publicam
454 1414 818 1468 administrarent,
844 1415 1157 1457 delectarentur
1182 1429 1227 1456 re
1248 1429 1325 1457 sua
1343 1415 1549 1456 familiari

209 1489 296 1516 non
328 1489 421 1515 eam
454 1474 624 1528 quidem
650 1475 765 1516 omni
794 1474 960 1515 ratione
985 1476 1294 1530 exaggerantes
1320 1488 1457 1528 neque
1483 1488 1549 1515 ex-

211 1532 430 1574 cludentes
459 1533 513 1574 ab
547 1533 636 1574 eius
667 1547 747 1574 usu
778 1547 878 1575 suos
909 1532 1138 1587 potiusque
1170 1536 1212 1574 et
1238 1532 1386 1574 amicis
1411 1533 1548 1587 inper-
1567 1544 1601 1570 25

212 1592 367 1633 tientes
400 1594 443 1633 et
474 1592 535 1633 rei
572 1592 786 1646 publicae,
825 1592 861 1633 si
899 1591 1067 1646 quando
1105 1605 1206 1633 usus
1245 1594 1369 1633 esset.
1431 1590 1548 1640 Quae

212 1651 398 1706 primum
442 1651 548 1692 bene
592 1653 719 1705 parta
762 1651 820 1692 sit
863 1651 982 1692 nullo
1025 1665 1161 1705 neque
1204 1651 1321 1705 turpi
1368 1653 1549 1704 quaestu

212 1724 347 1764 neque
374 1709 541 1764 odioso,
568 1709 716 1751 deinde
746 1712 954 1765 augeatur
984 1710 1167 1763 ratione,
1195 1709 1430 1765 diligentia,
1455 1724 1549 1764 par-

213 1768 413 1823 simonia,
445 1771 538 1810 tum
570 1783 698 1822 quam
730 1769 945 1823 plurimis,
971 1768 1097 1810 modo
1130 1768 1288 1823 digniS,
1322 1782 1366 1809 se
1397 1768 1548 1810 utilem

211 1827 417 1882 praebeat
458 1842 536 1869 nec
573 1827 755 1869 lubidini
786 1828 930 1883 potius
963 1827 1238 1882 luxuriaeque
1277 1841 1406 1881 quam
1446 1827 1601 1868 libe-30
1646 1865 1648 1878 ,Ἰ

210 1886 376 1927 ralitati
408 1889 451 1928 et
482 1886 786 1928 beneficentiae
818 1888 979 1940 pareat.
1028 1885 1145 1928 Haec
1172 1886 1440 1940 praescripta
1465 1900 1547 1928 ser—

210 1948 384 1986 vantem
428 1945 529 1987 licet
569 1945 812 2000 magnifice,
857 1945 1045 2000 graviter
1089 1945 1363 1999 animoseque
1405 1945 1548 1986 vivere

211 2006 341 2058 atque
362 2004 491 2045 etiam
507 2004 771 2059 simplicitel,
790 2003 985 2058 fideliter,
1005 2004 1035 2055 †
1049 2019 1073 2044 v
1078 2018 1146 2045 ere
1165 2004 1387 2045 hominum
1403 2003 1548 2045 amice.

300 2061 512 2128 Sequitur,
544 2067 593 2104 ut
619 2063 669 2104 de
695 2078 779 2104 una
805 2063 970 2117 leliqua
996 2064 1131 2128 parte·
1143 2062 1383 2104 honestatis
1413 2062 1548 2104 dieen-

164 2111 312 2162 odum
344 2121 419 2175 sit,
457 2122 501 2162 in
540 2137 623 2176 qua
654 2121 907 2164 verecundia
939 2124 981 2162 et
1013 2121 1134 2175 quasi
1167 2121 1339 2176 quidam
1372 2123 1548 2163 ornatus
1567 2130 1601 2158 8⁵

210 2180 342 2234 vitae,
374 2181 662 2235 temperantia
692 2183 736 2222 et
767 2180 977 2222 modestia
1008 2180 1230 2234 omnisque
1262 2180 1426 2221 sedatio
1457 2193 1549 2234 per-

211 2239 508 2281 turbationum
535 2239 667 2280 animi
694 2242 736 2280 et
762 2254 903 2280 rerum
929 2239 1080 2280 modus
1101 2239 1298 2280 cernitur.
1341 2238 1434 2281 Hoc
1453 2239 1548 2279 loco
