1673 2505
407 103 686 140 POEMATUM.
712 104 755 138 H.
782 103 814 138 X
839 114 861 138 a
886 104 991 140 8—b
1018 109 1048 139 2.
1309 106 1394 146 399

124 213 187 255 Tu
220 227 404 268 quoque,
442 227 534 253 cum
568 212 755 253 tumulos
787 211 957 252 Albano
990 211 1033 251 in
1066 214 1209 252 monte
1242 212 1395 252 nivalis

122 272 336 314 Lustrasti
371 274 414 312 et
445 271 558 312 laeto
591 270 792 311 mactasti
823 270 932 311 lacte
965 268 1158 322 Latinas,

122 330 282 371 Vidisti
313 332 356 371 et
387 330 502 371 claro
533 329 741 370 tremulos
774 328 923 369 ardore
956 331 1162 381 cometas,
1357 339 1395 369 15

122 389 344 442 Multaque
376 388 545 429 misceri
575 390 785 428 nocturna
817 390 961 441 strage
993 387 1174 442 putasti,

123 447 244 496 Quod
275 448 408 488 ferme
441 446 578 487 dirum
611 446 655 487 in
686 449 856 500 tempus
888 446 1074 487 cecidere
1104 445 1302 499 Latinae,

123 505 230 548 Cum
263 506 424 547 claram
457 505 639 560 speciem
673 507 870 546 concreto
903 505 1063 546 lumine
1095 505 1197 545 luna

124 565 302 606 Abdidit
334 567 376 605 et
408 564 550 605 subito
583 563 776 604 stellanti
806 566 930 604 nocte
963 566 1185 618 perempta
1218 566 1293 604 est.

123 623 230 672 Quid
262 637 362 664 vero
393 622 556 664 Phoebi
586 621 675 675 fax,
707 622 846 662 tristis
878 622 1030 663 nuntia
1061 623 1182 674 belli,
1356 633 1400 662 ‘30

122 682 238 730 Quae
259 696 462 735 magnum
491 681 542 722 ad
569 681 766 722 columen
789 680 1010 722 flammato
1039 681 1187 722 ardore
1212 681 1399 734 volabat,

121 741 374 795 Praecipitis
407 740 513 782 caeli
545 740 681 794 partis
715 739 942 793 obitusque
974 740 1223 794 petessens?

122 800 212 841 Aut
243 814 336 841 cum
369 799 554 840 terribili
586 799 805 853 perculsus
836 798 1015 840 fulmine
1048 798 1150 840 civis

121 858 233 900 Luce
267 858 481 899 serenanti
513 858 662 898 vitalia
694 857 858 898 lumina
889 857 1044 911 liquit?

124 920 212 958 Aut
244 932 338 958 cum
372 931 414 957 se
448 916 625 971 gravido
657 916 896 957 tremefecit
928 930 1104 970 corpore
1137 916 1295 957 tellus?
1356 926 1398 956 25

122 975 214 1017 Iam
247 990 346 1017 vero
379 976 523 1017 variae
554 978 763 1016 nocturno
795 978 988 1030 tempore
1019 975 1135 1016 visae

123 1034 354 1076 Terribiles
385 1034 550 1075 formae
582 1035 743 1075 bellum
775 1037 1001 1088 motusque
1033 1033 1282 1087 monebant,

122 1093 343 1147 Multaque
375 1108 450 1148 per
481 1096 619 1134 terras
652 1095 772 1134 vates
805 1093 948 1134 oracla
979 1092 1139 1133 furenti

121 1152 299 1193 Pectore
330 1151 567 1192 fundebant
599 1151 737 1206 tristis
772 1151 1017 1192 minitantia
1049 1165 1189 1203 casus,

121 1211 264 1265 Atque
298 1225 363 1265 ea,
396 1225 502 1264 quae
535 1211 659 1265 lapsu
690 1210 864 1251 tandem
896 1210 1081 1251 cecidere
1113 1212 1302 1262 vetusto,
1356 1220 1400 1250 30

121 1269 237 1311 Haec
268 1269 359 1311 fore
391 1269 609 1324 perpetuis
643 1269 777 1324 signis
811 1269 1022 1323 clarisque
1053 1268 1331 1322 frequentans

121 1328 218 1383 Ipse
251 1328 374 1369 deum
408 1328 577 1384 genitor
609 1328 726 1369 caelo
759 1328 969 1382 terrisque
1002 1328 1194 1369 canebat.

121 1387 245 1428 Nunc
278 1402 338 1440 ea,
369 1386 588 1441 Torquato
622 1402 729 1441 quae
762 1387 976 1441 quondam
1003 1389 1045 1427 et
1072 1387 1243 1427 consule
1272 1386 1400 1428 Cotta,

120 1446 279 1500 Lydius
313 1446 502 1487 ediderat
533 1446 777 1500 Tyrrhenae
811 1446 951 1501 gentis
983 1446 1214 1500 haruspex,

122 1504 276 1546 Omnia
306 1505 391 1546 fixa
422 1507 521 1545 tuus
555 1505 801 1560 glomerans
834 1504 1091 1546 determinat
1123 1519 1269 1545 annus.
1356 1516 1400 1546 35

121 1562 233 1605 Nam
265 1567 388 1618 pater
421 1564 655 1605 altitonans
689 1563 882 1605 stellanti
911 1563 1036 1604 nixus
1069 1563 1255 1617 Olympo

120 1622 218 1677 Ipse
251 1637 350 1664 suos
383 1623 598 1677 quondam
629 1623 820 1663 tumulos
853 1637 901 1664 ac
933 1623 1096 1677 templa
1127 1622 1282 1677 petivit

120 1681 180 1722 Et
213 1680 468 1736 Capitolinis
500 1681 646 1723 iniecit
678 1681 848 1722 sedibus
880 1681 1004 1737 ignis.

122 1740 228 1781 Tum
263 1741 424 1795 species
457 1755 506 1782 ex
539 1755 634 1781 aere
666 1743 788 1782 vetus
823 1755 1114 1796 generosaque
1146 1739 1305 1781 Nattae

122 1798 334 1853 Concidit,
368 1799 622 1854 elapsaeque
654 1802 824 1841 vetusto
856 1799 1028 1841 numine
1061 1799 1196 1854 leges,
1355 1810 1400 1840 40

120 1857 179 1898 Et
212 1858 353 1899 divom
387 1858 616 1900 simulacra
646 1859 828 1913 peremit
859 1858 1051 1899 fulminis
1080 1858 1216 1899 ardor.

121 1916 203 1959 Hic
236 1917 446 1958 silvestris
479 1920 571 1958 erat
602 1917 786 1958 Romani
817 1917 1002 1958 nominis
1037 1917 1183 1970 altrix,

120 1975 296 2030 Martia,
329 1991 436 2031 quae
468 1991 624 2031 parvos
656 1976 865 2018 Mavortis
898 1977 1058 2017 semine
1088 1978 1215 2017 natos

122 2033 337 2076 Uberibus
371 2035 559 2090 gravidis
591 2036 716 2076 vitali
747 2050 842 2076 rore
874 2035 1065 2090 rigabat,

121 2092 237 2142 Quae
269 2096 361 2135 tum
394 2109 489 2135 cum
521 2095 663 2149 pueris
695 2094 916 2135 flammato
949 2094 1142 2135 fulminis
1173 2094 1261 2135 ictu
1356 2105 1405 2135 45

121 2151 316 2194 Concidit
349 2156 476 2207 atque
509 2153 658 2194 avolsa
688 2153 844 2208 pedum
876 2153 1062 2208 vestigia
1093 2153 1231 2207 liquit.

121 2210 229 2252 Tum
263 2212 357 2266 quis
384 2227 472 2254 non
503 2212 608 2253 artis
636 2212 796 2267 scripta
822 2227 870 2254 ac
895 2215 1173 2253 monumenta
1200 2212 1404 2253 volutans.

119 2269 257 2312 Voces
288 2271 509 2313 tristificas
542 2271 702 2313 chartis
734 2271 960 2326 promebat
990 2270 1215 2313 Etruscis?

120 2328 278 2370 Omnes
311 2329 426 2371 civili
459 2344 666 2386 generosa
698 2345 723 2372 a
756 2330 888 2385 stirpe
919 2330 1157 2385 profectam
