1673 2505
319 455 351 498 Ι.
394 455 758 497 FRAGMENTA
789 455 1090 498 LIBRORUM
1119 455 1509 500 INCERTORUM.

341 551 376 591 1.
417 550 584 601 Quintil.
622 549 669 591 X
703 554 740 592 6.
772 553 799 590 4
837 550 971 592 Cicero
1007 554 1106 591 certe
1144 550 1392 592 Graecorum
1427 551 1581 593 Metro-

249 610 392 650 dorum
435 608 642 661 Scepsium
683 612 721 649 et
759 609 982 661 Empylum
1025 609 1229 650 Rhodium
1276 605 1600 663 nostrorumque

250 668 515 709 Hortensium
553 668 739 720 tradidit,
781 681 883 719 quae
919 668 1203 721 coqitavemnt,
1247 669 1303 709 ad
1341 668 1502 710 verbum
1537 669 1584 709 in

249 727 401 779 aqendo
432 726 640 767 rettulisse.
1619 738 1636 764 5

337 785 375 826 2.
410 784 545 836 Quint.
575 784 624 825 X
653 788 690 825 7.
715 787 769 825 14
799 784 935 826 Deum
965 788 1059 826 tunc
1089 785 1279 836 adfuisse,
1310 799 1401 826 cum
1429 786 1476 826 id
1504 798 1583 826 eve-

249 844 373 885 nisset
413 843 480 896 (ut
519 856 740 885 successum
788 844 1093 896 extemporalem
1135 845 1319 896 consequi
1360 857 1458 884 cura
1501 857 1584 885 non

246 902 406 957 posset),
437 904 581 943 veteres
611 905 788 943 oratores
816 905 864 942 ut
887 902 1022 943 Cicero
1053 902 1302 943 dictitabant.

338 960 375 1001 3.
404 960 541 1011 Quint.
566 959 614 1001 X
637 964 675 1002 7.
701 964 760 1002 28
784 960 848 1001 Ne
877 961 923 1002 id
950 961 1110 1013 quidem
1140 962 1351 1002 tacendum
1380 964 1447 1014 est,
1478 962 1586 1013 quod

250 1020 374 1061 eidem
412 1018 595 1060 Ciceroni
629 1019 780 1072 placet,
823 1019 983 1060 nullum
1019 1022 1202 1060 nostrum
1242 1033 1415 1071 usquam
1456 1020 1582 1073 neqle-
1603 1033 1651 1057 ιο·

246 1082 401 1132 qentem
426 1091 505 1119 esse
529 1091 770 1126 sermonem;
799 1078 996 1130 quidquid
1020 1078 1225 1130 loquemur
1248 1078 1499 1130 ubicumque,
1530 1078 1586 1119 sit

246 1151 322 1190 pro
352 1150 428 1178 sua
458 1137 606 1178 scilicet
628 1137 814 1188 portione
838 1137 1071 1189 perfectum.

337 1196 376 1237 4.
420 1195 555 1247 Quint.
596 1194 701 1236 XII
732 1199 794 1236 10.
832 1197 885 1236 56
928 1195 1041 1236 Nam
1082 1196 1128 1236 id
1167 1209 1318 1248 quoque
1352 1196 1584 1248 plurimum
1639 1210 1644 1215 ·

250 1254 386 1308 refert,
429 1267 506 1306 quo
542 1254 658 1295 modo
695 1255 837 1295 audire
872 1255 994 1295 iudex
1028 1255 1138 1307 velit,
1175 1257 1294 1306 atque
1329 1255 1415 1295 eius
1450 1254 1584 1295 vultus

251 1326 364 1366 saepe
394 1314 478 1365 ipse
507 1315 633 1353 rector
663 1316 720 1353 est
749 1313 931 1365 dicentis,
961 1316 1008 1353 ut
1037 1312 1172 1354 Cicero
1196 1314 1407 1365 praecipit.
1604 1325 1636 1351 15

338 1371 376 1424 5,
409 1372 446 1412 6.
481 1371 617 1422 Quint.
648 1370 726 1411 XI
745 1375 780 1412 1.
806 1374 863 1412 92
894 1370 1027 1412 Cicero
1058 1372 1232 1423 quodam
1264 1371 1344 1412 loco
1375 1372 1513 1412 scribit
1541 1371 1584 1411 id
1646 1399 1647 1403 ,

252 1444 342 1471 esse
375 1429 598 1484 optimum,
631 1430 755 1483 quod,
787 1444 881 1470 cum
907 1431 950 1469 te
978 1429 1102 1470 facile
1129 1429 1355 1470 credideris
1382 1429 1585 1483 consequi

250 1489 503 1542 imitatione
534 1502 620 1528 non
650 1488 807 1542 possis3
839 1488 920 1528 alio
951 1501 1040 1529 vero
1070 1502 1157 1529 non
1186 1487 1230 1528 id
1262 1487 1411 1543 egisse,
1443 1491 1491 1529 uh
1521 1488 1584 1529 iba

251 1547 419 1601 diceret,
446 1561 528 1601 quo
556 1546 680 1588 modo
708 1561 752 1588 se
779 1546 959 1600 quilibet
984 1561 1109 1601 posse
1133 1546 1374 1600 confideret,
1400 1522 1474 1588 'sed
1500 1561 1583 1601 quo
1644 1555 1648 1600 ξ

250 1606 376 1648 modo
413 1620 550 1647 nemo.
587 1630 644 1634 —
677 1605 864 1647 Similia
901 1606 1086 1658 lequntur
1120 1606 1165 1646 in
1204 1604 1314 1646 Orat.
1351 1580 1419 1647 23.
1459 1609 1513 1647 76
1549 1609 1587 1646 et
1604 1606 1649 1669 20}

250 1669 318 1707 28.
351 1664 427 1706 .’97’
460 1665 604 1706 Halm.
1644 1683 1647 1706 z

341 1725 378 1766 7.
415 1724 600 1765 Lactant.
637 1724 729 1764 inst.
766 1724 843 1765 div.
883 1723 977 1764 VII
1002 1726 1040 1765 8.
1071 1727 1098 1764 9
1134 1723 1321 1776 Denique
1355 1726 1395 1764 et
1425 1721 1586 1765 Tullius
1645 1725 1648 1769 ἑ

250 1783 439 1836 expositis
468 1783 612 1824 horum
642 1782 823 1823 omnium
854 1783 901 1823 de
929 1782 1235 1823 immortalitate
1265 1795 1313 1823 ac
1343 1785 1469 1823 morte
1498 1795 1583 1823 sen·
1642 1799 1645 1807 ¹

251 1843 385 1883 tentiis
415 1842 566 1883 nescire
594 1854 652 1894 se,
687 1842 787 1893 quid
818 1841 871 1882 sit
899 1854 1055 1894 verum,
1087 1841 1370 1893 pronuntiavit
1403 1865 1467 1882 -.
1527 1841 1588 1881 Et

250 1914 394 1942 rursus
424 1900 545 1941 alibi:
583 1898 793 1947 Quoniam
824 1901 1024 1953 utraque,
1054 1900 1203 1952 inquit,
1240 1913 1384 1940 earum
1418 1901 1585 1940 senten·
1605 1910 1639 1958 ²⁵.

251 1959 408 2000 {siarum
436 1958 705 2000 doctissimos
731 1957 883 1999 habuit
909 1959 1104 2000 auctores
1130 1972 1218 2012 nec,
1250 1957 1350 2012 quid
1380 1958 1486 1999 certi
1518 1957 1586 2011 sit,

252 2017 434 2059 divinari
466 2019 619 2071 potest.

341 2078 378 2118 8.
403 2076 530 2118 Solin.
556 2076 587 2117 I
607 2078 667 2117 27
684 2090 728 2129 p.
753 2080 816 2117 11.
839 2079 866 2116 4
891 2076 1114 2128 Pomponio
1139 2075 1274 2116 Attico
1299 2079 1336 2117 et
1359 2076 1421 2117 M.
1451 2077 1586 2119 Tullio

250 2135 449 2183 (Romam
486 2136 687 2176 conditam
724 2148 804 2176 esse
836 2135 986 2188 placet)
1023 2134 1266 2187 olympiadis
1308 2138 1441 2177 sextae
1478 2149 1588 2177 anno
1632 2139 1633 2142 ’

253 2195 377 2236 tertio.
414 2218 460 2223 -
498 2194 558 2245 Cf.
591 2195 637 2235 de
667 2194 843 2247 republ.
876 2194 933 2234 II
961 2197 1120 2235 10.18.
1605 2204 1635 2240 3,,

340 2252 378 2294 9.
405 2253 577 2306 Auqust.
604 2253 673 2294 civ
699 2253 737 2294 d.
757 2252 903 2293 XXII
920 2254 981 2294 22
994 2255 1068 2293 ext.
1097 2252 1226 2303 Quam
1255 2251 1588 2307 (philosophiam)

251 2312 311 2353 clii
340 2311 580 2365 quibusdam
606 2312 768 2366 paucis,
799 2312 862 2352 ait
893 2311 1070 2362 Tullius,
1107 2324 1174 2351 zei
1175 2324 1243 2351 am
1273 2312 1480 2363 dederunt
1511 2326 1588 2353 nec
