1663 2490
445 64 533 99 LIB.
560 65 587 101 Ι.
628 64 728 101 ΟΑΡ.
754 68 858 100 5—7.
896 68 914 106 ἓ
943 68 1088 99 17-24,
1409 64 1437 106 9

98 174 167 216 vel
192 172 505 229 benignitatem
531 172 599 214 vel
625 171 933 214 liberalitatem
959 171 1171 226 appellari
1199 171 1311 213 licet.
1355 169 1437 212 Sed

98 231 288 274 iustitiae
326 231 513 286 primum
550 245 704 272 munus
743 233 825 285 est,
869 232 917 272 ut
953 244 1006 271 ne
1044 231 1111 271 cui
1149 229 1244 284 quis
1284 233 1438 271 noceat

99 290 183 333 nisi
207 290 433 332 lacessitus
458 289 626 344 iniuria,
651 289 800 331 deinde
825 291 874 330 ut
899 288 1196 331 communibus
1222 302 1301 344 pro
1327 302 1438 330 com-

99 349 299 391 munibus
331 351 490 402 utatur,
521 348 702 403 privatis
734 351 782 389 ut
814 348 914 390 suis.
963 345 1072 388 Sunt
1098 349 1242 388 autem
1267 347 1438 402 privata

64 420 80 446 5
98 409 219 450 nulla
249 409 416 461 natura,
448 407 522 448 sed
547 409 622 448 aut
646 409 789 448 vetere
815 406 1104 461 occupatione,
1135 408 1183 447 ut
1210 405 1283 460 qui
1308 420 1438 460 quon-

99 467 198 508 dam
223 466 269 507 in
293 480 429 508 vacua
452 468 672 520 venerunt,
698 468 772 507 aut
797 465 989 519 victoria,
1014 467 1063 506 ut
1081 464 1155 519 qui
1173 465 1288 506 bello
1308 464 1438 519 potiti

99 527 211 579 sunt,
243 527 318 566 aut
349 525 457 580 lege,
488 524 696 579 pactione,
728 524 986 578 condicione,
1018 526 1153 577 sorte,
1185 537 1235 564 ex
1262 537 1345 578 quo
1376 523 1438 576 fit,

98 587 148 626 ut
179 597 282 639 ager
307 582 495 639 Arpinas
524 583 801 638 Arpinatium
833 583 1011 636 dicatur,
1041 582 1308 624 Tusculanus
1335 581 1438 623 Tus·

99 643 369 696 culanorum3
415 642 653 696 similisque
697 645 763 683 est
806 642 1075 696 privatarum
1117 640 1437 696 possessionum

49 716 79 740 ιο
100 701 338 757 discriptio.
388 700 454 742 Ex
497 715 600 755 quo,
643 701 742 755 quia
786 715 909 742 suum
947 700 1150 755 cuiusque
1192 700 1242 740 fit
1280 714 1438 751 eorum,

100 775 208 815 quae
239 764 396 801 natura
426 759 598 801 fuerant
629 759 888 814 communia,
926 759 1040 813 quod
1077 759 1228 813 cuique
1267 758 1439 814 obtigit,

99 819 143 861 id
175 819 355 874 quisque
386 821 548 873 teneat3
580 833 602 860 e
634 833 716 873 quo
744 818 780 860 si
807 818 901 873 quis
929 818 1012 859 sibi
1038 820 1226 873 appetet,
1257 817 1440 859 violabit

99 879 166 920 ius
203 878 416 919 humanae
455 877 686 919 societatis.
747 876 829 918 Sed
868 877 1088 931 quoniam,
1131 879 1180 917 ut
1220 877 1439 930 praeclare

101 936 309 991 scriptum
341 939 406 978 est
438 951 463 977 a
492 935 687 990 Platone,
721 950 808 977 non
838 935 963 977 nobis
996 935 1137 976 solum
1167 935 1260 976 nati
1292 949 1439 976 sumus

52 1009 80 1034 15
100 998 305 1050 ortusque
334 995 473 1036 nostri
504 997 672 1050 partem
704 994 846 1049 patria
877 993 1078 1048 vindicat,
1109 996 1276 1048 partem
1303 994 1441 1047 amici,

101 1057 241 1109 atque,
272 1055 321 1095 ut
351 1054 494 1108 placet
527 1052 696 1107 Stoicis,
728 1067 835 1107 quae
867 1052 912 1094 in
942 1052 1070 1094 terris
1103 1052 1355 1108 gignantur,
1388 1053 1441 1094 ad

100 1127 224 1155 usum
261 1112 485 1154 hominum
523 1112 667 1154 omnia
704 1112 857 1165 creari,
893 1111 1090 1153 homines
1128 1114 1272 1152 autem
1306 1111 1440 1153 homi-

99 1187 203 1214 num
235 1185 364 1213 causa
395 1185 488 1212 esse
521 1173 765 1226 generatos,
802 1173 850 1211 ut
886 1170 971 1225 ipsi
1007 1170 1121 1211 inter
1158 1185 1203 1211 se
1236 1170 1333 1211 aliis
1366 1170 1441 1211 alii

100 1230 309 1286 prodesse·
344 1232 540 1285 possent,
588 1230 633 1271 in
675 1229 756 1271 hoc
798 1231 1001 1270 naturam
1045 1229 1246 1270 debemus
1292 1229 1440 1271 ducem

48 1303 81 1328 20
102 1289 234 1344 sequi,
259 1303 506 1331 communes
527 1288 740 1330 utilitates
760 1288 806 1329 in
824 1288 1012 1329 medium
1032 1288 1183 1329 afferre
1203 1288 1441 1330 mutatione

101 1348 353 1401 officiorum,
385 1347 523 1389 dando
556 1347 812 1402 accipiendo,
843 1350 935 1388 tum
968 1347 1147 1401 artibus,
1178 1349 1271 1388 tum
1300 1361 1442 1402 opera,

101 1410 196 1449 tum
218 1406 500 1449 facultatibus
527 1406 738 1448 devincire
763 1406 987 1448 hominum
1010 1406 1124 1447 inter
1149 1405 1345 1447 homines
1377 1420 1442 1447 so-

102 1467 314 1509 cietatem.
350 1464 694 1507 Fundamentum
714 1468 858 1507 autem
879 1467 945 1506 est
963 1465 1155 1506 iustitiae
1173 1464 1291 1519 fides,
1313 1464 1357 1506 id
1377 1468 1442 1506 est

103 1525 315 1567 dictorum
353 1527 743 1578 conventorumque
781 1524 1024 1566 constantia
1062 1526 1105 1565 et
1143 1524 1315 1565 veritas.
1375 1523 1442 1565 Ex

49 1597 82 1623 25
103 1599 199 1640 quo,
228 1598 489 1638 quamquam
513 1583 594 1625 hoc
619 1583 834 1624 videbitur
859 1582 1045 1624 fortasse
1071 1582 1257 1637 cuipiam
1283 1582 1442 1637 durius,

102 1646 249 1685 tamen
268 1642 499 1684 audeamus
519 1642 682 1683 imitari
698 1640 878 1695 Stoicos,
899 1641 971 1696 qui
991 1641 1181 1682 studiose
1202 1641 1442 1696 exquirunt,

101 1702 212 1744 unde
243 1702 375 1743 verba
407 1701 495 1742 sint
526 1701 664 1754 dueta,
696 1701 1013 1755 credamusque,
1050 1700 1150 1754 quia
1180 1700 1297 1754 fiat,
1329 1701 1443 1755 quod

103 1761 264 1803 dictum
296 1763 378 1814 est,
411 1760 676 1815 appellatam
707 1760 847 1801 fidem.

192 1818 274 1861 Sed
304 1818 541 1861 iniustitiae
574 1833 732 1874 genera
763 1819 845 1860 duo
875 1820 987 1871 sunt,
1020 1833 1151 1859 unum
1178 1832 1337 1872 eorum,
1370 1818 1443 1873 qui

50 1891 84 1917 30
101 1878 309 1932 inferunt,
347 1878 532 1919 alterum
564 1892 728 1933 eorum,
767 1878 840 1932 qui
871 1878 925 1919 ab
956 1877 1026 1931 iis,
1062 1877 1217 1931 quibus
1247 1877 1443 1932 infertur,

103 1938 140 1980 si
164 1939 358 1993 possunt,
388 1951 476 1979 non
499 1937 758 1992 propulsant
782 1936 994 1978 iniuriam.
1044 1935 1158 1977 Nam
1187 1935 1260 1990 qui
1285 1936 1443 1978 iniuste

101 1997 310 2052 impetum
341 1996 386 2037 in
418 1996 663 2051 quempiam
687 1995 793 2038 facit
818 1998 893 2037 aut
916 1995 982 2036 ira
1007 1997 1082 2036 aut
1107 1994 1253 2049 aliqua
1277 1998 1443 2050 pertur-

101 2056 276 2098 batione
301 2055 519 2109 incitatus,
543 2056 580 2096 is
608 2055 731 2110 quasi
756 2068 908 2096 manus
937 2053 1088 2095 afferre
1113 2053 1282 2096 videtur
1308 2053 1443 2108 socio3

103 2114 176 2170 qui
202 2117 346 2156 autem
370 2128 457 2156 non
483 2113 672 2155 defendit
696 2128 774 2156 nec
800 2112 987 2167 obsistit,
1013 2113 1049 2154 si
1068 2114 1225 2167 potest,
1250 2112 1443 2167 iniuriae,

53 2184 84 2211 35
103 2176 194 2215 tam
231 2175 298 2215 est
333 2173 378 2214 in
415 2172 540 2228 vitio,
579 2187 708 2228 quam
746 2172 782 2214 si
819 2174 1018 2228 parentes
1057 2174 1132 2213 aut
1170 2171 1330 2214 amicos
1369 2174 1444 2213 aut

103 2232 290 2288 patriam
327 2231 507 2273 deserat.
569 2231 713 2287 Atque
750 2232 852 2273 illae
890 2230 1061 2286 quidem
1097 2230 1296 2284 iniuriae,
1335 2245 1442 2286 quae

103 2291 282 2333 nocendi
319 2304 447 2332 causa
485 2290 535 2332 de
566 2290 777 2332 industria
813 2289 1072 2343 inferuntur,
1111 2303 1236 2343 saepe
1269 2304 1295 2332 a
1326 2292 1440 2332 metu

1463 357 1506 388 21

1466 886 1512 917 22

1469 1474 1514 1505 23

1469 2240 1512 2272 24
