1663 2490
380 76 470 112 LIB.
497 77 559 112 111.
612 76 713 111 CAP.
740 82 797 121 32,
823 82 878 113 33.
929 81 948 120 ξ
976 83 1170 114 114—120.
1351 81 1433 123 129

92 185 216 227 sicuti
260 184 380 238 dicit,
422 184 529 225 satis
573 184 745 225 fortiter
789 185 839 226 de
877 185 1042 239 dolore,
1087 190 1233 228 tamen
1263 202 1350 228 non
1390 188 1433 229 id

91 242 369 299 spectandum
402 245 479 296 est,
512 242 613 297 quid
639 243 763 297 dicat,
789 243 862 285 sed
888 244 989 299 quid
1014 248 1347 287 consentaneum
1375 247 1433 288 sit

90 302 130 344 ei
161 301 316 355 dicere,
357 301 430 355 qui
461 301 575 343 bona
606 302 830 357 voluptate
862 303 1177 357 terminaverit,
1215 305 1331 345 mala
1362 305 1432 347 do-

91 360 192 402 lore.
252 359 329 412 Ut,
361 360 397 400 si
433 360 558 401 illum
591 360 775 415 audiam,
809 361 859 403 de
897 362 1161 403 continentia
1199 365 1242 403 et
1274 366 1432 418 tempe-

55 436 71 462 5
90 419 233 461 tantia
276 418 378 460 dicit
409 418 484 460 ille
516 418 687 472 quidem
720 420 858 461 multa
889 420 1038 462 multis
1071 421 1189 475 locis,
1221 421 1294 462 sed
1321 437 1433 476 aqua

90 477 260 534 haeret,
299 480 348 518 ut
380 477 519 531 aiunt3
555 492 657 519 nam
698 478 771 532 qui
802 482 947 533 potest
978 480 1311 534 temperantiam
1343 481 1431 522 lau-

89 533 190 577 dare
220 536 270 590 is,
303 535 375 590 qui
406 538 541 590 ponat
573 551 788 578 summum
818 538 978 579 bonum
1009 538 1054 579 in
1079 539 1333 593 voluptate?
1367 541 1433 581 est

89 595 202 637 enim
233 595 522 649 temperantia
554 595 779 637 libidinum
811 596 1003 651 inimica,
1046 596 1247 639 libidines
1286 600 1432 639 autem

89 654 416 696 consectatrices
449 654 700 708 voluptatis.
744 654 888 709 Atque
919 655 964 696 in
995 655 1063 697 his
1095 658 1240 697 tamen
1272 657 1411 698 tribus
1437 661 1502 694 118

38 728 71 754 ιο
90 712 332 768 generibus,
363 727 534 767 quoquo
566 713 693 754 modo
725 716 926 768 possunt,
956 729 1043 756 non
1070 714 1271 756 incallide
1301 716 1431 772 tergi-

10 777 14 780 ”
86 773 332 825 versantur,
381 771 653 826 prudentiam
696 772 975 814 introducunt
1018 773 1242 815 scientiam
1281 787 1432 829 suppe-

89 830 297 871 ditantem
319 830 577 885 voluptates,
608 830 894 885 depellentem
914 831 1103 886 dolores,
1132 832 1432 886 fortitudinem

88 903 256 943 quoque
288 888 432 943 aliquo
460 888 586 930 modo
631 889 872 944 expediunt,
904 905 1000 932 cum
1019 890 1199 932 tradunt
1217 891 1432 933 rationem

87 947 380 1003 neglegendae
421 948 593 1001 mortis,
630 948 898 1002 perpetiendi
936 948 1118 1003 doloris;
1157 950 1287 991 etiam
1327 953 1431 991 tem-

37 1020 69 1046 15
88 1006 330 1061 perantiam
362 1006 569 1047 inducunt
598 1020 686 1047 non
715 1006 922 1048 facillime
953 1007 1021 1048 illi
1053 1008 1237 1062 quidem,
1270 1009 1343 1050 sed
1370 1012 1431 1049 ta-

88 1079 185 1106 men
223 1079 394 1119 quoquo
435 1064 561 1106 modo
600 1067 800 1119 possunt,
843 1065 990 1107 dicunt
1034 1066 1148 1107 enim
1191 1067 1431 1121 voluptatis

87 1123 429 1179 magnitudinem
462 1123 622 1165 doloris
661 1123 924 1165 detractione
962 1124 1088 1165 finiri.
1149 1124 1324 1167 Iustitia
1362 1141 1432 1167 va-

87 1182 208 1224 cillat
238 1182 307 1223 vel
338 1182 450 1223 iacet
481 1182 625 1237 potius
660 1196 892 1237 omnesque
924 1197 998 1224 eae
1024 1183 1221 1237 virtutes,
1255 1199 1362 1238 quae
1388 1184 1433 1225 in

87 1241 395 1283 communitate
415 1243 648 1282 cernuntur
674 1243 717 1282 et
741 1241 787 1281 in
812 1241 1018 1283 societate
1046 1242 1215 1297 generis
1242 1243 1429 1284 humani.

34 1316 66 1341 20
87 1299 238 1354 Neque
270 1299 382 1340 enim
415 1299 587 1341 bonitas
618 1313 696 1341 nec
727 1299 969 1342 liberalitas
999 1315 1078 1342 nec
1118 1301 1300 1343 comitas
1338 1316 1430 1343 esse

88 1361 243 1413 potest,
274 1373 361 1399 non
397 1358 496 1413 plus
535 1373 664 1413 quam
702 1359 910 1413 amicitia,
947 1358 984 1400 si
1022 1359 1128 1402 haec
1158 1374 1246 1402 non
1277 1374 1354 1415 per
1385 1375 1430 1402 se

88 1419 356 1472 expetantur,
383 1416 456 1458 sed
479 1417 532 1458 ad
563 1417 833 1472 voluptatem
853 1418 1144 1460 utilitatemve
1175 1418 1429 1460 referantur.

88 1475 369 1518 Conferamus
401 1475 537 1531 igitur
566 1475 611 1517 in
642 1490 790 1531 pauca.
834 1475 948 1518 Nam
980 1480 1029 1518 ut
1060 1477 1298 1519 utilitatem
1323 1479 1502 1519 nul-119

19 1548 23 1554 ·
88 1536 175 1577 lam
208 1549 300 1576 esse
333 1534 566 1588 docuimus,
599 1535 953 1589 quae-honestati
973 1538 1088 1577 esset
1110 1537 1341 1589 contraria,
1373 1537 1433 1578 sic

35 1608 68 1633 25
89 1608 259 1636 omnem
289 1593 561 1648 voluptatem
593 1593 772 1635 dicimus
797 1594 1019 1636 honestati
1044 1609 1137 1636 esse
1157 1596 1432 1637 contrariam.

88 1651 180 1701 Quo
192 1652 332 1708 magis
345 1651 718 1707 reprehendendos
726 1651 1050 1708 Calliphontem
1061 1656 1104 1695 et
1115 1653 1434 1696 Dinomachum

86 1711 244 1765 iudico,
283 1711 356 1765 qui
389 1725 433 1752 se
467 1711 756 1765 dirempturos
788 1712 1127 1754 controversiam
1158 1715 1434 1767 putaverunt,

9 1820 14 1825 q
88 1770 124 1812 si
155 1785 250 1812 cum
287 1770 515 1811 honestate
552 1770 822 1825 voluptatem
860 1773 1085 1825 tamquam
1123 1785 1220 1812 cum
1257 1771 1433 1813 homine

87 1828 290 1884 pecudem
322 1828 654 1884 copulavissent.
697 1827 798 1870 Non
829 1829 982 1884 recipit
1012 1829 1145 1871 istam
1170 1830 1434 1872 coniunctio-

35 1901 68 1927 so
87 1902 185 1929 nem
215 1888 433 1941 honestas,
466 1889 735 1942 aspernatur,
766 1888 950 1942 repellit.
995 1887 1085 1930 Nec
1110 1903 1210 1930 vero
1237 1889 1335 1930 finis
1361 1890 1433 1930 bo·

86 1961 241 1988 norum
274 1948 335 1998 [et
366 1947 612 1999 malorum],
645 1946 718 2000 qui
750 1946 932 2001 simplex
965 1960 1058 1988 esse
1091 1947 1235 2002 debet,
1267 1962 1318 1988 ex
1350 1947 1432 1989 dis-

88 2005 318 2047 simillimis
351 2005 478 2047 rebus
511 2004 682 2047 misceri
713 2007 757 2046 et
787 2005 1021 2060 temperari
1051 2008 1207 2060 potest.
1269 2005 1352 2047 Sed
1384 2006 1434 2048 de

86 2064 168 2106 hoc
199 2063 377 2120 (magna
408 2064 522 2106 enim
553 2078 622 2106 res
649 2062 733 2119 est)
760 2064 845 2105 alio
871 2065 966 2106 loco
991 2064 1209 2119 pluribus;
1239 2080 1352 2107 nunc
1379 2065 1433 2107 ad

87 2123 369 2179 propositum.
431 2121 567 2171 Quem
599 2123 653 2164 ad
684 2123 857 2165 modum
890 2123 1046 2178 igitur,
1078 2123 1115 2164 si
1148 2124 1319 2178 quando
1354 2138 1414 2177 ea,
1438 2135 1504 2165 120

35 2193 69 2220 ⁸5
89 2196 196 2235 quae
226 2181 391 2224 videtui
430 2182 614 2234 utilitas,
651 2181 872 2224 honestati
901 2185 1130 2238 repugnat,
1161 2182 1434 2225 diiudicanda

87 2254 154 2281 res
181 2240 250 2294 sit,
275 2240 382 2282 satis
408 2243 475 2283 est
500 2255 630 2295 supra
655 2240 935 2296 disputatum.
973 2239 1048 2282 Sin
1075 2243 1221 2283 autem
1247 2241 1432 2296 speciem

86 2298 292 2341 utilitatis
324 2298 456 2342 etiam
486 2300 688 2354 voluptas
721 2300 880 2342 habere
912 2299 1095 2355 dicetur,
1132 2300 1255 2342 nulla
1285 2302 1434 2356 potest

159 2373 302 2400 c1c.1v.
331 2375 355 2401 s⁴
1196 2372 1217 2403 9
