1673 2505
588 86 633 129 ΙΙ,
660 84 723 119 111.
773 92 792 127 ς
822 90 967 121 16--22,
1373 88 1457 130 203

115 192 215 246 quid
247 194 313 232 est
344 191 578 245 laudabile,
616 192 728 234 idem
769 195 813 234 et
844 193 1018 234 beatum
1050 197 1093 234 et
1123 194 1280 235 florens
1313 197 1355 235 et
1393 210 1458 235 ex-

114 250 343 306 petendum
376 250 511 292 videri
547 250 677 292 decet.
716 289 724 296 .

525 436 934 482 PARADOXON
965 438 1042 481 III.

219 504 311 548 Ὅτι
344 510 418 549 ἴσα
448 504 502 548 τὰ
534 504 824 562 ἁμαρτήματα
855 508 928 550 καὶ
959 507 1011 551 τὰ
1046 506 1380 563 κατορθώματα.

200 600 351 655 Parva,
382 601 535 655 inquit,
567 604 633 642 est
658 616 739 644 res.
789 602 850 644 At
876 617 1034 659 magna
1059 603 1202 658 culpa3
1235 618 1311 645 nec
1344 603 1456 644 enim

111 663 286 715 peccata
317 674 461 701 rerum
493 660 674 711 eventis,
713 661 786 703 sed
824 661 940 703 vitiis
979 662 1204 704 hominum
1242 662 1457 704 metienda

111 722 219 760 sunt.
283 717 334 760 In
373 733 456 773 quo
494 722 714 774 peccatur,
757 720 801 761 id
843 723 990 775 potest
1034 721 1150 762 aliud
1194 721 1280 762 alio
1318 722 1456 762 maius

111 792 203 819 esse
236 781 310 818 aut
342 778 500 832 minus,
538 778 680 833 ipsum
712 778 883 833 quidem
914 779 1023 820 illud
1054 794 1248 834 peccare,
1286 794 1457 834 quoquo

110 836 311 890 verteris,
349 851 481 879 unum
513 839 590 878 est.
653 837 761 879 Auri
804 852 957 880 navem
995 841 1162 880 evertat
1194 839 1458 894 gubernator

60 908 91 932 ιο
111 909 167 936 an
197 896 367 950 paleae,
399 895 444 936 in
475 909 521 937 re
552 896 822 950 aliquantum
832 930 843 951 ⁷
873 896 918 938 in
950 897 1253 953 gubernatoris
1285 897 1458 939 inscitia

109 953 219 995 nihil
257 954 449 995 interest.
512 953 655 1009 Lapsa
693 958 758 996 est
796 955 943 997 lubido
984 956 1029 997 in
1072 956 1251 997 muliere
1294 957 1457 1012 ignota,

110 1013 234 1054 dolor
266 1012 320 1054 ad
350 1012 573 1067 pauciores
604 1014 805 1068 pertinet,
841 1029 970 1068 quam
1003 1014 1039 1055 si
1070 1015 1271 1069 petulans
1303 1015 1458 1057 fuisset

108 1071 154 1112 in
192 1071 338 1125 aliqua
376 1085 586 1126 generosa
623 1087 672 1113 ac
708 1072 846 1114 nobili
890 1073 1075 1128 virgine3
1117 1073 1312 1128 peccavit
1355 1089 1457 1116 vero

108 1129 245 1171 nihilo
278 1129 438 1184 minus,
470 1130 681 1185 siquidem
713 1133 779 1172 est
808 1145 985 1186 peccare
1017 1134 1240 1186 tamquam
1271 1133 1457 1174 transire

59 1199 90 1225 15
110 1188 265 1242 lineas3
304 1188 417 1242 quod
448 1203 545 1230 cum
574 1187 744 1243 feceris,
783 1190 910 1244 culpa
942 1191 1173 1232 commissa
1205 1194 1289 1244 est3
1328 1206 1457 1245 quam

109 1247 239 1303 longe
264 1247 555 1303 progrediare,
587 1262 683 1290 cum
709 1249 841 1290 semel
868 1249 1103 1303 transieris,
1136 1249 1190 1291 ad
1216 1250 1457 1306 augendam

109 1306 361 1348 transeundi
391 1306 563 1362 culpam
594 1306 704 1348 nihil
736 1307 936 1362 pertinet.
996 1308 1178 1350 Peccare
1210 1311 1324 1350 certe
1356 1309 1458 1351 licet

109 1365 281 1406 nemini.
343 1363 466 1414 Quod
497 1368 643 1407 autem
673 1380 761 1407 non
792 1366 912 1420 licet,
952 1367 996 1408 id
1033 1367 1115 1409 hoc
1152 1382 1237 1409 uno
1274 1370 1458 1422 tenetur,

110 1423 147 1465 si
185 1424 383 1479 arguitur
419 1439 507 1466 non
543 1424 682 1466 licere.
744 1424 793 1466 Id
831 1425 867 1467 si
905 1440 983 1468 nec
1020 1426 1159 1468 maius
1197 1440 1275 1468 nec
1315 1427 1456 1468 minus

56 1495 90 1519 20
109 1497 315 1537 umquam
345 1483 440 1524 fieri
470 1485 629 1538 potest,
662 1481 864 1538 quoniam
895 1485 910 1526 i
973 1499 1023 1526 eo
1055 1487 1122 1526 est
1152 1487 1389 1540 peccatum,
1421 1486 1457 1527 si

108 1555 196 1583 non
227 1541 367 1595 licuit,
406 1542 520 1596 quod
557 1556 726 1597 semper
756 1557 889 1584 unum
921 1545 965 1585 et
995 1543 1108 1585 idem
1141 1547 1224 1598 est,
1266 1559 1374 1598 quae
1407 1559 1455 1586 ex

108 1615 158 1642 eo
190 1603 368 1654 peccata
398 1604 649 1655 nascantur,
687 1602 885 1656 aequalia
923 1602 1010 1643 sint
1048 1605 1232 1657 oportet.
1295 1602 1457 1651 Quodsi

108 1659 291 1700 virtutes
330 1662 430 1700 sunt
467 1674 593 1714 pares
631 1660 746 1702 inter
782 1675 845 1714 se,
888 1661 1011 1716 paria
1049 1675 1142 1703 esse
1180 1662 1312 1703 etiam
1350 1662 1457 1704 vitia

108 1732 280 1760 necesse
311 1721 389 1759 est.
437 1718 574 1772 Atqui
605 1733 731 1774 pares
763 1734 858 1772 esse
880 1720 1077 1774 virtutes,
1107 1735 1185 1762 nec
1216 1721 1330 1763 bono
1362 1721 1455 1763 viro

56 1787 90 1813 25
110 1776 332 1818 meliorem
374 1791 451 1819 nec
493 1777 762 1832 temperante
804 1771 1186 1834 temperantiorem
1228 1792 1306 1821 nee
1353 1779 1456 1821 forti

107 1834 334 1878 fortiorem
370 1850 449 1878 nec
486 1836 681 1891 sapiente
714 1837 1020 1892 sapientiorem
1057 1852 1183 1893 posse
1215 1838 1309 1880 fieri
1339 1838 1455 1881 facil-

108 1894 224 1936 lume
261 1896 407 1949 potest
443 1895 641 1950 perspici.
702 1895 773 1938 An
816 1897 956 1938 virum
999 1897 1161 1938 bonum
1206 1897 1338 1952 dices,
1384 1898 1455 1952 qui

109 1952 353 2008 depositum
395 1953 516 1995 nullo
561 1956 690 2008 teste7
726 1969 845 2001 ,cum
895 1956 1053 1997 lucrari
1099 1956 1258 2011 inpune
1307 1961 1455 2012 posset

110 2012 203 2053 auri
233 2012 375 2067 pondo
408 2012 571 2067 decem,
603 2013 847 2068 reddiderit,
880 2014 916 2055 si
947 2014 1060 2056 idem
1092 2015 1136 2055 in
1169 2014 1313 2057 decem
1345 2016 1454 2056 mili-

56 2081 90 2107 50
109 2071 189 2112 bus
226 2071 368 2126 pondo
407 2072 501 2113 auri
537 2086 623 2113 non
660 2072 772 2114 idem
804 2072 982 2114 fecerit?
1021 2076 1095 2115 aut
1126 2076 1454 2129 temperantem,

110 2129 183 2184 qui
220 2143 264 2171 se
301 2130 346 2172 in
384 2130 529 2185 aliqua
567 2131 744 2173 libidine
782 2132 1063 2186 continuerit,
1100 2132 1144 2174 in
1177 2133 1322 2188 aliqua
1354 2134 1453 2175 effu-

109 2187 248 2229 derit?
309 2187 407 2231 Una
450 2189 589 2231 virtus
634 2193 700 2231 est
743 2191 1015 2233 consentiens
1059 2206 1155 2233 cum
1199 2192 1366 2234 ratione
1411 2195 1454 2233 et

106 2249 315 2302 perpetua
345 2249 608 2303 constantia3
638 2249 748 2291 nihil
780 2249 864 2292 huc
889 2250 988 2291 addi
1012 2253 1168 2305 potest,
1202 2266 1285 2306 quo
1312 2252 1451 2307 magis

106 2305 245 2347 virtus
278 2306 352 2360 sit,
389 2307 498 2348 nihil
530 2307 660 2362 demi>
697 2311 746 2351 ut
776 2309 950 2351 virtutis
982 2323 1140 2351 nomen
1171 2309 1451 2364 relinquatur.

1482 1615 1524 1647 21

1480 2204 1522 2234 22
