<?xml version="1.0" encoding="UTF-8"?>
<!DOCTYPE html PUBLIC "-//W3C//DTD XHTML 1.0 Transitional//EN"
    "http://www.w3.org/TR/xhtml1/DTD/xhtml1-transitional.dtd">
<html xmlns="http://www.w3.org/1999/xhtml" xml:lang="en" lang="en">
 <head>
  <title>
</title>
<meta http-equiv="Content-Type" content="text/html;charset=utf-8" />
  <meta name='ocr-system' content='tesseract 3.04.00' />
  <meta name='ocr-capabilities' content='ocr_page ocr_carea ocr_par ocr_line ocrx_word'/>
</head>
<body>
  <div class='ocr_page' id='page_1' title='image "./p3scriptaquaemanse04ciceuoft_0260.png"; bbox 0 0 1663 2490; ppageno 0'>
   <div class='ocr_carea' id='block_1_1' title="bbox 123 526 178 609">
    <p class='ocr_par' dir='ltr' id='par_1_1' title="bbox 123 526 178 609">
     <span class='ocr_line' id='line_1_1' title="bbox 123 526 178 567; baseline 0.018 -1"><span class='ocrx_word' id='word_1_1' title='bbox 123 526 178 567; x_wconf 80' lang='lat'>25</span> 
     </span>
     <span class='ocr_line' id='line_1_2' title="bbox 124 577 165 609; baseline -0.024 0"><span class='ocrx_word' id='word_1_2' title='bbox 124 577 165 609; x_wconf 83' lang='lat'>91</span> 
     </span>
    </p>
   </div>
   <div class='ocr_carea' id='block_1_2' title="bbox 122 962 165 993">
    <p class='ocr_par' dir='ltr' id='par_1_2' title="bbox 122 962 165 993">
     <span class='ocr_line' id='line_1_3' title="bbox 122 962 165 993; baseline -0.023 0"><span class='ocrx_word' id='word_1_3' title='bbox 122 962 165 993; x_wconf 75' lang='lat'>92</span> 
     </span>
    </p>
   </div>
   <div class='ocr_carea' id='block_1_3' title="bbox 124 1375 167 1405">
    <p class='ocr_par' dir='ltr' id='par_1_3' title="bbox 124 1375 167 1405">
     <span class='ocr_line' id='line_1_4' title="bbox 124 1375 167 1405; baseline 0 -1"><span class='ocrx_word' id='word_1_4' title='bbox 124 1375 143 1404; x_wconf 79' lang='lat'>9</span> <span class='ocrx_word' id='word_1_5' title='bbox 148 1376 167 1405; x_wconf 78' lang='lat'>3</span> 
     </span>
    </p>
   </div>
   <div class='ocr_carea' id='block_1_4' title="bbox 126 1847 169 1876">
    <p class='ocr_par' dir='ltr' id='par_1_4' title="bbox 126 1847 169 1876">
     <span class='ocr_line' id='line_1_5' title="bbox 126 1847 169 1876; baseline -0.023 0"><span class='ocrx_word' id='word_1_6' title='bbox 126 1847 169 1876; x_wconf 76' lang='lat'>94</span> 
     </span>
    </p>
   </div>
   <div class='ocr_carea' id='block_1_5' title="bbox 127 2023 169 2054">
    <p class='ocr_par' dir='ltr' id='par_1_5' title="bbox 127 2023 169 2054">
     <span class='ocr_line' id='line_1_6' title="bbox 127 2023 169 2054; baseline -0.024 0"><span class='ocrx_word' id='word_1_7' title='bbox 127 2023 169 2054; x_wconf 83' lang='lat'>95</span> 
     </span>
    </p>
   </div>
   <div class='ocr_carea' id='block_1_6' title="bbox 197 78 1123 119">
    <p class='ocr_par' dir='ltr' id='par_1_6' title="bbox 197 78 1123 119">
     <span class='ocr_line' id='line_1_7' title="bbox 197 78 1123 119; baseline -0.008 0"><span class='ocrx_word' id='word_1_8' title='bbox 197 79 278 119; x_wconf 78' lang='lat'>192</span> <span class='ocrx_word' id='word_1_9' title='bbox 586 78 788 113; x_wconf 88' lang='lat' dir='ltr'>LAELIUS</span> <span class='ocrx_word' id='word_1_10' title='bbox 816 78 879 111; x_wconf 89' lang='lat' dir='ltr'>DE</span> <span class='ocrx_word' id='word_1_11' title='bbox 905 78 1123 113; x_wconf 85' lang='lat' dir='ltr'>AMICITIA</span> 
     </span>
    </p>
   </div>
   <div class='ocr_carea' id='block_1_7' title="bbox 192 186 1538 2355">
    <p class='ocr_par' dir='ltr' id='par_1_7' title="bbox 192 186 1536 534">
     <span class='ocr_line' id='line_1_8' title="bbox 194 186 1535 240; baseline -0.001 -12"><span class='ocrx_word' id='word_1_12' title='bbox 194 186 430 240; x_wconf 75' lang='lat' dir='ltr'>deantur3</span> <span class='ocrx_word' id='word_1_13' title='bbox 473 186 596 228; x_wconf 88' lang='lat' dir='ltr'>illos</span> <span class='ocrx_word' id='word_1_14' title='bbox 641 201 812 227; x_wconf 86' lang='lat' dir='ltr'>verum</span> <span class='ocrx_word' id='word_1_15' title='bbox 852 200 1001 240; x_wconf 80' lang='lat' dir='ltr'>saepe</span> <span class='ocrx_word' id='word_1_16' title='bbox 1040 186 1223 240; x_wconf 79' lang='lat' dir='ltr'>dicere,</span> <span class='ocrx_word' id='word_1_17' title='bbox 1268 186 1358 228; x_wconf 87' lang='lat' dir='ltr'>hos</span> <span class='ocrx_word' id='word_1_18' title='bbox 1400 201 1535 227; x_wconf 87' lang='lat' dir='ltr'>num-</span> 
     </span>
     <span class='ocr_line' id='line_1_9' title="bbox 194 244 1535 300; baseline 0 -14"><span class='ocrx_word' id='word_1_19' title='bbox 194 245 366 300; x_wconf 60' lang='lat' dir='ltr'>quam?</span> <span class='ocrx_word' id='word_1_20' title='bbox 407 245 548 299; x_wconf 86' lang='lat' dir='ltr'>Atque</span> <span class='ocrx_word' id='word_1_21' title='bbox 574 245 681 285; x_wconf 88' lang='lat' dir='ltr'>illud</span> <span class='ocrx_word' id='word_1_22' title='bbox 709 244 953 297; x_wconf 82' lang='lat' dir='ltr'>absurdum,</span> <span class='ocrx_word' id='word_1_23' title='bbox 981 244 1092 298; x_wconf 90' lang='lat' dir='ltr'>quod</span> <span class='ocrx_word' id='word_1_24' title='bbox 1125 244 1166 297; x_wconf 88' lang='lat' dir='ltr'>ii,</span> <span class='ocrx_word' id='word_1_25' title='bbox 1194 245 1265 298; x_wconf 88' lang='lat' dir='ltr'>qui</span> <span class='ocrx_word' id='word_1_26' title='bbox 1296 247 1535 298; x_wconf 85' lang='lat' dir='ltr'>monentur,</span> 
     </span>
     <span class='ocr_line' id='line_1_10' title="bbox 193 303 1536 359; baseline 0 -14"><span class='ocrx_word' id='word_1_27' title='bbox 193 319 287 345; x_wconf 88' lang='lat' dir='ltr'>eam</span> <span class='ocrx_word' id='word_1_28' title='bbox 315 304 569 357; x_wconf 79' lang='lat' dir='ltr'>molestiam,</span> <span class='ocrx_word' id='word_1_29' title='bbox 601 318 729 357; x_wconf 88' lang='lat' dir='ltr'>quam</span> <span class='ocrx_word' id='word_1_30' title='bbox 757 303 912 343; x_wconf 84' lang='lat' dir='ltr'>debent</span> <span class='ocrx_word' id='word_1_31' title='bbox 939 317 1100 356; x_wconf 87' lang='lat' dir='ltr'>capere,</span> <span class='ocrx_word' id='word_1_32' title='bbox 1127 318 1213 344; x_wconf 88' lang='lat' dir='ltr'>non</span> <span class='ocrx_word' id='word_1_33' title='bbox 1234 304 1420 359; x_wconf 81' lang='lat' dir='ltr'>capiunt,</span> <span class='ocrx_word' id='word_1_34' title='bbox 1441 319 1536 345; x_wconf 90' lang='lat' dir='ltr'>eam</span> 
     </span>
     <span class='ocr_line' id='line_1_11' title="bbox 192 362 1536 417; baseline 0.001 -14"><span class='ocrx_word' id='word_1_35' title='bbox 192 363 379 417; x_wconf 85' lang='lat' dir='ltr'>capiunt,</span> <span class='ocrx_word' id='word_1_36' title='bbox 413 377 495 416; x_wconf 83' lang='lat' dir='ltr'>qua</span> <span class='ocrx_word' id='word_1_37' title='bbox 528 362 683 403; x_wconf 89' lang='lat' dir='ltr'>debent</span> <span class='ocrx_word' id='word_1_38' title='bbox 714 376 885 414; x_wconf 69' lang='lat' dir='ltr'>vacare,</span> <span class='ocrx_word' id='word_1_39' title='bbox 918 376 1113 415; x_wconf 79' lang='lat' dir='ltr'>peccasse</span> <span class='ocrx_word' id='word_1_40' title='bbox 1141 362 1253 403; x_wconf 89' lang='lat' dir='ltr'>enim</span> <span class='ocrx_word' id='word_1_41' title='bbox 1283 377 1327 404; x_wconf 87' lang='lat' dir='ltr'>se</span> <span class='ocrx_word' id='word_1_42' title='bbox 1354 378 1438 404; x_wconf 89' lang='lat' dir='ltr'>non</span> <span class='ocrx_word' id='word_1_43' title='bbox 1467 378 1536 404; x_wconf 90' lang='lat' dir='ltr'>an·</span> 
     </span>
     <span class='ocr_line' id='line_1_12' title="bbox 194 419 1535 477; baseline 0 -15"><span class='ocrx_word' id='word_1_44' title='bbox 194 425 364 477; x_wconf 85' lang='lat' dir='ltr'>guntur,</span> <span class='ocrx_word' id='word_1_45' title='bbox 403 420 623 475; x_wconf 80' lang='lat' dir='ltr'>obiurgari</span> <span class='ocrx_word' id='word_1_46' title='bbox 663 421 843 461; x_wconf 77' lang='lat' dir='ltr'>moleste</span> <span class='ocrx_word' id='word_1_47' title='bbox 882 419 1041 474; x_wconf 69' lang='lat' dir='ltr'>ferunt,</span> <span class='ocrx_word' id='word_1_48' title='bbox 1081 421 1193 474; x_wconf 89' lang='lat' dir='ltr'>quod</span> <span class='ocrx_word' id='word_1_49' title='bbox 1225 425 1376 462; x_wconf 85' lang='lat' dir='ltr'>contra</span> <span class='ocrx_word' id='word_1_50' title='bbox 1414 436 1535 475; x_wconf 89' lang='lat' dir='ltr'>opor-</span> 
     </span>
     <span class='ocr_line' id='line_1_13' title="bbox 195 479 1220 534; baseline -0.001 -13"><span class='ocrx_word' id='word_1_51' title='bbox 195 481 326 534; x_wconf 86' lang='lat' dir='ltr'>tebat,</span> <span class='ocrx_word' id='word_1_52' title='bbox 359 480 514 520; x_wconf 90' lang='lat' dir='ltr'>delicto</span> <span class='ocrx_word' id='word_1_53' title='bbox 542 479 698 532; x_wconf 88' lang='lat' dir='ltr'>dolere,</span> <span class='ocrx_word' id='word_1_54' title='bbox 730 479 991 520; x_wconf 74' lang='lat' dir='ltr'>correctione</span> <span class='ocrx_word' id='word_1_55' title='bbox 1025 479 1220 534; x_wconf 83' lang='lat' dir='ltr'>gaudere.</span> 
     </span>
    </p>

    <p class='ocr_par' dir='ltr' id='par_1_8' title="bbox 194 537 1538 1594">
     <span class='ocr_line' id='line_1_14' title="bbox 283 537 1536 593; baseline 0 -13"><span class='ocrx_word' id='word_1_56' title='bbox 283 538 343 580; x_wconf 89' lang='lat' dir='ltr'>Ut</span> <span class='ocrx_word' id='word_1_57' title='bbox 375 539 509 593; x_wconf 77' lang='lat' dir='ltr'>igitur</span> <span class='ocrx_word' id='word_1_58' title='bbox 542 540 584 578; x_wconf 90' lang='lat' dir='ltr'>et</span> <span class='ocrx_word' id='word_1_59' title='bbox 616 552 788 579; x_wconf 89' lang='lat' dir='ltr'>monere</span> <span class='ocrx_word' id='word_1_60' title='bbox 815 540 858 579; x_wconf 75' lang='lat' dir='ltr'>et</span> <span class='ocrx_word' id='word_1_61' title='bbox 884 537 1047 579; x_wconf 88' lang='lat' dir='ltr'>moneri</span> <span class='ocrx_word' id='word_1_62' title='bbox 1073 538 1295 592; x_wconf 87' lang='lat' dir='ltr'>proprium</span> <span class='ocrx_word' id='word_1_63' title='bbox 1323 542 1387 579; x_wconf 88' lang='lat' dir='ltr'>est</span> <span class='ocrx_word' id='word_1_64' title='bbox 1409 553 1536 580; x_wconf 74' lang='lat' dir='ltr'>verae</span> 
     </span>
     <span class='ocr_line' id='line_1_15' title="bbox 195 596 1536 651; baseline -0.001 -12"><span class='ocrx_word' id='word_1_65' title='bbox 195 597 408 639; x_wconf 89' lang='lat' dir='ltr'>amicitiae</span> <span class='ocrx_word' id='word_1_66' title='bbox 437 599 479 637; x_wconf 93' lang='lat' dir='ltr'>et</span> <span class='ocrx_word' id='word_1_67' title='bbox 506 597 689 638; x_wconf 84' lang='lat' dir='ltr'>alterum</span> <span class='ocrx_word' id='word_1_68' title='bbox 715 596 849 637; x_wconf 88' lang='lat' dir='ltr'>libere</span> <span class='ocrx_word' id='word_1_69' title='bbox 874 596 1026 650; x_wconf 87' lang='lat' dir='ltr'>facere,</span> <span class='ocrx_word' id='word_1_70' title='bbox 1051 611 1137 637; x_wconf 91' lang='lat' dir='ltr'>non</span> <span class='ocrx_word' id='word_1_71' title='bbox 1158 611 1318 651; x_wconf 82' lang='lat' dir='ltr'>aspere,</span> <span class='ocrx_word' id='word_1_72' title='bbox 1351 597 1536 638; x_wconf 84' lang='lat' dir='ltr'>alterum</span> 
     </span>
     <span class='ocr_line' id='line_1_16' title="bbox 194 655 1536 711; baseline 0 -14"><span class='ocrx_word' id='word_1_73' title='bbox 194 658 406 711; x_wconf 70' lang='lat' dir='ltr'>patienter</span> <span class='ocrx_word' id='word_1_74' title='bbox 437 655 638 710; x_wconf 88' lang='lat' dir='ltr'>accipere,</span> <span class='ocrx_word' id='word_1_75' title='bbox 670 670 756 696; x_wconf 88' lang='lat' dir='ltr'>non</span> <span class='ocrx_word' id='word_1_76' title='bbox 782 658 1084 711; x_wconf 80' lang='lat' dir='ltr'>repugnanter,</span> <span class='ocrx_word' id='word_1_77' title='bbox 1115 655 1174 697; x_wconf 89' lang='lat' dir='ltr'>sic</span> <span class='ocrx_word' id='word_1_78' title='bbox 1201 655 1444 697; x_wconf 88' lang='lat' dir='ltr'>habendum</span> <span class='ocrx_word' id='word_1_79' title='bbox 1471 659 1536 697; x_wconf 88' lang='lat' dir='ltr'>est</span> 
     </span>
     <span class='ocr_line' id='line_1_17' title="bbox 194 714 1536 769; baseline 0 -13"><span class='ocrx_word' id='word_1_80' title='bbox 194 715 356 756; x_wconf 88' lang='lat' dir='ltr'>nullam</span> <span class='ocrx_word' id='word_1_81' title='bbox 390 715 433 755; x_wconf 87' lang='lat' dir='ltr'>in</span> <span class='ocrx_word' id='word_1_82' title='bbox 465 714 667 756; x_wconf 86' lang='lat' dir='ltr'>amicitiis</span> <span class='ocrx_word' id='word_1_83' title='bbox 700 716 865 769; x_wconf 89' lang='lat' dir='ltr'>pestem</span> <span class='ocrx_word' id='word_1_84' title='bbox 904 728 996 755; x_wconf 88' lang='lat' dir='ltr'>esse</span> <span class='ocrx_word' id='word_1_85' title='bbox 1028 714 1235 756; x_wconf 87' lang='lat' dir='ltr'>maiorem</span> <span class='ocrx_word' id='word_1_86' title='bbox 1274 729 1402 768; x_wconf 86' lang='lat' dir='ltr'>quam</span> <span class='ocrx_word' id='word_1_87' title='bbox 1439 715 1536 756; x_wconf 88' lang='lat' dir='ltr'>adu-</span> 
     </span>
     <span class='ocr_line' id='line_1_18' title="bbox 194 773 1537 827; baseline 0 -12"><span class='ocrx_word' id='word_1_88' title='bbox 194 774 420 826; x_wconf 81' lang='lat' dir='ltr'>lationem,</span> <span class='ocrx_word' id='word_1_89' title='bbox 459 773 734 826; x_wconf 81' lang='lat' dir='ltr'>blanditiam,</span> <span class='ocrx_word' id='word_1_90' title='bbox 779 773 1139 826; x_wconf 83' lang='lat' dir='ltr'>adsentationem3</span> <span class='ocrx_word' id='word_1_91' title='bbox 1185 774 1380 827; x_wconf 84' lang='lat' dir='ltr'>quamvis</span> <span class='ocrx_word' id='word_1_92' title='bbox 1425 774 1537 815; x_wconf 90' lang='lat' dir='ltr'>enim</span> 
     </span>
     <span class='ocr_line' id='line_1_19' title="bbox 195 832 1537 874; baseline 0 0"><span class='ocrx_word' id='word_1_93' title='bbox 195 834 340 874; x_wconf 90' lang='lat' dir='ltr'>multis</span> <span class='ocrx_word' id='word_1_94' title='bbox 386 833 631 874; x_wconf 87' lang='lat' dir='ltr'>nominibus</span> <span class='ocrx_word' id='word_1_95' title='bbox 676 835 742 873; x_wconf 89' lang='lat' dir='ltr'>est</span> <span class='ocrx_word' id='word_1_96' title='bbox 784 832 865 874; x_wconf 90' lang='lat' dir='ltr'>hoc</span> <span class='ocrx_word' id='word_1_97' title='bbox 906 832 1060 873; x_wconf 87' lang='lat' dir='ltr'>vitium</span> <span class='ocrx_word' id='word_1_98' title='bbox 1102 832 1338 873; x_wconf 89' lang='lat' dir='ltr'>notandum</span> <span class='ocrx_word' id='word_1_99' title='bbox 1381 833 1537 874; x_wconf 83' lang='lat' dir='ltr'>levium</span> 
     </span>
     <span class='ocr_line' id='line_1_20' title="bbox 194 890 1538 946; baseline -0.001 -13"><span class='ocrx_word' id='word_1_100' title='bbox 194 892 415 933; x_wconf 88' lang='lat' dir='ltr'>hominum</span> <span class='ocrx_word' id='word_1_101' title='bbox 448 894 576 946; x_wconf 84' lang='lat' dir='ltr'>atque</span> <span class='ocrx_word' id='word_1_102' title='bbox 614 891 836 932; x_wconf 89' lang='lat' dir='ltr'>fallacium</span> <span class='ocrx_word' id='word_1_103' title='bbox 871 890 923 931; x_wconf 89' lang='lat' dir='ltr'>ad</span> <span class='ocrx_word' id='word_1_104' title='bbox 963 891 1232 932; x_wconf 88' lang='lat' dir='ltr'>voluntatem</span> <span class='ocrx_word' id='word_1_105' title='bbox 1271 891 1538 945; x_wconf 89' lang='lat' dir='ltr'>loquentium</span> 
     </span>
     <span class='ocr_line' id='line_1_21' title="bbox 195 948 1537 1004; baseline -0.001 -12"><span class='ocrx_word' id='word_1_106' title='bbox 195 951 349 1004; x_wconf 84' lang='lat' dir='ltr'>omnia,</span> <span class='ocrx_word' id='word_1_107' title='bbox 376 950 485 991; x_wconf 89' lang='lat' dir='ltr'>nihil</span> <span class='ocrx_word' id='word_1_108' title='bbox 512 950 565 992; x_wconf 86' lang='lat' dir='ltr'>ad</span> <span class='ocrx_word' id='word_1_109' title='bbox 591 950 829 991; x_wconf 85' lang='lat' dir='ltr'>veritatem.</span> <span class='ocrx_word' id='word_1_110' title='bbox 875 948 981 991; x_wconf 82' lang='lat' dir='ltr'>Cum</span> <span class='ocrx_word' id='word_1_111' title='bbox 1010 953 1153 991; x_wconf 90' lang='lat' dir='ltr'>autem</span> <span class='ocrx_word' id='word_1_112' title='bbox 1180 950 1370 991; x_wconf 88' lang='lat' dir='ltr'>omnium</span> <span class='ocrx_word' id='word_1_113' title='bbox 1397 965 1537 991; x_wconf 88' lang='lat' dir='ltr'>rerum</span> 
     </span>
     <span class='ocr_line' id='line_1_22' title="bbox 196 1008 1534 1063; baseline 0 -13"><span class='ocrx_word' id='word_1_114' title='bbox 196 1010 414 1051; x_wconf 84' lang='lat' dir='ltr'>simulatio</span> <span class='ocrx_word' id='word_1_115' title='bbox 446 1009 604 1051; x_wconf 85' lang='lat' dir='ltr'>vitiosa</span> <span class='ocrx_word' id='word_1_116' title='bbox 636 1013 701 1050; x_wconf 86' lang='lat' dir='ltr'>est</span> <span class='ocrx_word' id='word_1_117' title='bbox 739 1008 875 1063; x_wconf 87' lang='lat' dir='ltr'>(tollit</span> <span class='ocrx_word' id='word_1_118' title='bbox 907 1009 1019 1049; x_wconf 89' lang='lat' dir='ltr'>enim</span> <span class='ocrx_word' id='word_1_119' title='bbox 1052 1008 1253 1051; x_wconf 89' lang='lat' dir='ltr'>iudicium</span> <span class='ocrx_word' id='word_1_120' title='bbox 1287 1010 1376 1050; x_wconf 87' lang='lat' dir='ltr'>veri</span> <span class='ocrx_word' id='word_1_121' title='bbox 1407 1009 1534 1063; x_wconf 87' lang='lat' dir='ltr'>idque</span> 
     </span>
     <span class='ocr_line' id='line_1_23' title="bbox 195 1068 1536 1123; baseline -0.001 -13"><span class='ocrx_word' id='word_1_122' title='bbox 195 1068 442 1123; x_wconf 82' lang='lat' dir='ltr'>adulterat),</span> <span class='ocrx_word' id='word_1_123' title='bbox 470 1071 560 1109; x_wconf 88' lang='lat' dir='ltr'>tum</span> <span class='ocrx_word' id='word_1_124' title='bbox 589 1068 803 1110; x_wconf 85' lang='lat' dir='ltr'>amicitiae</span> <span class='ocrx_word' id='word_1_125' title='bbox 824 1070 1038 1123; x_wconf 81' lang='lat' dir='ltr'>repugnat</span> <span class='ocrx_word' id='word_1_126' title='bbox 1059 1068 1260 1122; x_wconf 73' lang='lat' dir='ltr'>maxime,</span> <span class='ocrx_word' id='word_1_127' title='bbox 1287 1068 1400 1109; x_wconf 88' lang='lat' dir='ltr'>delet</span> <span class='ocrx_word' id='word_1_128' title='bbox 1426 1069 1536 1110; x_wconf 89' lang='lat' dir='ltr'>enim</span> 
     </span>
     <span class='ocr_line' id='line_1_24' title="bbox 196 1127 1537 1182; baseline -0.001 -13"><span class='ocrx_word' id='word_1_129' title='bbox 196 1128 440 1181; x_wconf 87' lang='lat' dir='ltr'>veritatem,</span> <span class='ocrx_word' id='word_1_130' title='bbox 483 1128 572 1168; x_wconf 88' lang='lat' dir='ltr'>sine</span> <span class='ocrx_word' id='word_1_131' title='bbox 606 1142 689 1181; x_wconf 85' lang='lat' dir='ltr'>qua</span> <span class='ocrx_word' id='word_1_132' title='bbox 720 1141 876 1168; x_wconf 88' lang='lat' dir='ltr'>nomen</span> <span class='ocrx_word' id='word_1_133' title='bbox 908 1127 1122 1168; x_wconf 89' lang='lat' dir='ltr'>amicitiae</span> <span class='ocrx_word' id='word_1_134' title='bbox 1157 1127 1296 1168; x_wconf 86' lang='lat' dir='ltr'>valere</span> <span class='ocrx_word' id='word_1_135' title='bbox 1328 1141 1413 1168; x_wconf 92' lang='lat' dir='ltr'>non</span> <span class='ocrx_word' id='word_1_136' title='bbox 1445 1130 1537 1182; x_wconf 91' lang='lat' dir='ltr'>pot-</span> 
     </span>
     <span class='ocr_line' id='line_1_25' title="bbox 195 1185 1537 1240; baseline -0.001 -12"><span class='ocrx_word' id='word_1_137' title='bbox 195 1190 270 1228; x_wconf 86' lang='lat' dir='ltr'>est.</span> <span class='ocrx_word' id='word_1_138' title='bbox 328 1186 440 1228; x_wconf 88' lang='lat' dir='ltr'>Nam</span> <span class='ocrx_word' id='word_1_139' title='bbox 473 1201 568 1228; x_wconf 89' lang='lat' dir='ltr'>cum</span> <span class='ocrx_word' id='word_1_140' title='bbox 602 1186 816 1227; x_wconf 84' lang='lat' dir='ltr'>amicitiae</span> <span class='ocrx_word' id='word_1_141' title='bbox 848 1185 911 1226; x_wconf 83' lang='lat' dir='ltr'>vis</span> <span class='ocrx_word' id='word_1_142' title='bbox 946 1186 1002 1226; x_wconf 89' lang='lat' dir='ltr'>sit</span> <span class='ocrx_word' id='word_1_143' title='bbox 1034 1186 1077 1226; x_wconf 91' lang='lat' dir='ltr'>in</span> <span class='ocrx_word' id='word_1_144' title='bbox 1110 1200 1171 1239; x_wconf 88' lang='lat' dir='ltr'>eo,</span> <span class='ocrx_word' id='word_1_145' title='bbox 1203 1189 1251 1226; x_wconf 91' lang='lat' dir='ltr'>ut</span> <span class='ocrx_word' id='word_1_146' title='bbox 1277 1200 1386 1227; x_wconf 90' lang='lat' dir='ltr'>unus</span> <span class='ocrx_word' id='word_1_147' title='bbox 1415 1187 1537 1240; x_wconf 85' lang='lat' dir='ltr'>quasi</span> 
     </span>
     <span class='ocr_line' id='line_1_26' title="bbox 195 1244 1536 1300; baseline 0 -14"><span class='ocrx_word' id='word_1_148' title='bbox 195 1246 362 1287; x_wconf 87' lang='lat' dir='ltr'>animus</span> <span class='ocrx_word' id='word_1_149' title='bbox 397 1246 472 1286; x_wconf 84' lang='lat' dir='ltr'>fiat</span> <span class='ocrx_word' id='word_1_150' title='bbox 505 1260 553 1286; x_wconf 79' lang='lat' dir='ltr'>ex</span> <span class='ocrx_word' id='word_1_151' title='bbox 586 1245 795 1300; x_wconf 89' lang='lat' dir='ltr'>pluribus,</span> <span class='ocrx_word' id='word_1_152' title='bbox 828 1244 900 1298; x_wconf 90' lang='lat' dir='ltr'>qui</span> <span class='ocrx_word' id='word_1_153' title='bbox 932 1244 974 1285; x_wconf 86' lang='lat' dir='ltr'>id</span> <span class='ocrx_word' id='word_1_154' title='bbox 1007 1244 1098 1285; x_wconf 92' lang='lat' dir='ltr'>fieri</span> <span class='ocrx_word' id='word_1_155' title='bbox 1130 1244 1308 1299; x_wconf 89' lang='lat' dir='ltr'>poterit,</span> <span class='ocrx_word' id='word_1_156' title='bbox 1342 1245 1375 1286; x_wconf 94' lang='lat' dir='ltr'>si</span> <span class='ocrx_word' id='word_1_157' title='bbox 1409 1260 1460 1286; x_wconf 89' lang='lat' dir='ltr'>ne</span> <span class='ocrx_word' id='word_1_158' title='bbox 1492 1246 1536 1286; x_wconf 92' lang='lat' dir='ltr'>in</span> 
     </span>
     <span class='ocr_line' id='line_1_27' title="bbox 196 1303 1537 1359; baseline -0.001 -13"><span class='ocrx_word' id='word_1_159' title='bbox 196 1320 278 1346; x_wconf 92' lang='lat' dir='ltr'>uno</span> <span class='ocrx_word' id='word_1_160' title='bbox 307 1305 477 1358; x_wconf 85' lang='lat' dir='ltr'>quidem</span> <span class='ocrx_word' id='word_1_161' title='bbox 504 1318 672 1358; x_wconf 92' lang='lat' dir='ltr'>quoque</span> <span class='ocrx_word' id='word_1_162' title='bbox 699 1318 806 1344; x_wconf 84' lang='lat' dir='ltr'>unus</span> <span class='ocrx_word' id='word_1_163' title='bbox 835 1303 1001 1344; x_wconf 87' lang='lat' dir='ltr'>animus</span> <span class='ocrx_word' id='word_1_164' title='bbox 1029 1304 1110 1344; x_wconf 88' lang='lat' dir='ltr'>erit</span> <span class='ocrx_word' id='word_1_165' title='bbox 1136 1304 1331 1357; x_wconf 85' lang='lat' dir='ltr'>idemque</span> <span class='ocrx_word' id='word_1_166' title='bbox 1358 1318 1537 1359; x_wconf 78' lang='lat' dir='ltr'>semper,</span> 
     </span>
     <span class='ocr_line' id='line_1_28' title="bbox 197 1361 1538 1417; baseline -0.001 -12"><span class='ocrx_word' id='word_1_167' title='bbox 197 1364 269 1405; x_wconf 87' lang='lat' dir='ltr'>sed</span> <span class='ocrx_word' id='word_1_168' title='bbox 292 1364 448 1417; x_wconf 85' lang='lat' dir='ltr'>varius,</span> <span class='ocrx_word' id='word_1_169' title='bbox 475 1363 807 1416; x_wconf 87' lang='lat' dir='ltr'>commutabilis,</span> <span class='ocrx_word' id='word_1_170' title='bbox 835 1363 1091 1417; x_wconf 80' lang='lat' dir='ltr'>multiplex?</span> <span class='ocrx_word' id='word_1_171' title='bbox 1125 1361 1233 1410; x_wconf 82' lang='lat' dir='ltr'>Quid</span> <span class='ocrx_word' id='word_1_172' title='bbox 1254 1362 1367 1403; x_wconf 91' lang='lat' dir='ltr'>enim</span> <span class='ocrx_word' id='word_1_173' title='bbox 1393 1366 1538 1417; x_wconf 86' lang='lat' dir='ltr'>potest</span> 
     </span>
     <span class='ocr_line' id='line_1_29' title="bbox 196 1421 1538 1476; baseline -0.001 -12"><span class='ocrx_word' id='word_1_174' title='bbox 196 1437 287 1464; x_wconf 91' lang='lat' dir='ltr'>esse</span> <span class='ocrx_word' id='word_1_175' title='bbox 320 1425 409 1463; x_wconf 90' lang='lat' dir='ltr'>tam</span> <span class='ocrx_word' id='word_1_176' title='bbox 444 1421 640 1473; x_wconf 78' lang='lat' dir='ltr'>flexibile,</span> <span class='ocrx_word' id='word_1_177' title='bbox 673 1424 763 1463; x_wconf 86' lang='lat' dir='ltr'>tam</span> <span class='ocrx_word' id='word_1_178' title='bbox 791 1421 960 1462; x_wconf 84' lang='lat' dir='ltr'>devium</span> <span class='ocrx_word' id='word_1_179' title='bbox 986 1436 1115 1475; x_wconf 80' lang='lat' dir='ltr'>quam</span> <span class='ocrx_word' id='word_1_180' title='bbox 1142 1422 1310 1462; x_wconf 89' lang='lat' dir='ltr'>animus</span> <span class='ocrx_word' id='word_1_181' title='bbox 1337 1421 1438 1469; x_wconf 79' lang='lat' dir='ltr'>eius,</span> <span class='ocrx_word' id='word_1_182' title='bbox 1466 1422 1538 1476; x_wconf 89' lang='lat' dir='ltr'>qui</span> 
     </span>
     <span class='ocr_line' id='line_1_30' title="bbox 195 1480 1538 1534; baseline -0.001 -11"><span class='ocrx_word' id='word_1_183' title='bbox 195 1481 248 1523; x_wconf 88' lang='lat' dir='ltr'>ad</span> <span class='ocrx_word' id='word_1_184' title='bbox 293 1481 470 1522; x_wconf 86' lang='lat' dir='ltr'>alterius</span> <span class='ocrx_word' id='word_1_185' title='bbox 517 1495 602 1522; x_wconf 91' lang='lat' dir='ltr'>non</span> <span class='ocrx_word' id='word_1_186' title='bbox 648 1481 773 1522; x_wconf 87' lang='lat' dir='ltr'>modo</span> <span class='ocrx_word' id='word_1_187' title='bbox 819 1495 990 1521; x_wconf 90' lang='lat' dir='ltr'>sensum</span> <span class='ocrx_word' id='word_1_188' title='bbox 1036 1495 1083 1521; x_wconf 85' lang='lat' dir='ltr'>ac</span> <span class='ocrx_word' id='word_1_189' title='bbox 1127 1481 1413 1534; x_wconf 84' lang='lat' dir='ltr'>voluntatem,</span> <span class='ocrx_word' id='word_1_190' title='bbox 1464 1480 1538 1522; x_wconf 89' lang='lat' dir='ltr'>sed</span> 
     </span>
     <span class='ocr_line' id='line_1_31' title="bbox 195 1539 1199 1594; baseline -0.002 -12"><span class='ocrx_word' id='word_1_191' title='bbox 195 1541 325 1582; x_wconf 89' lang='lat' dir='ltr'>etiam</span> <span class='ocrx_word' id='word_1_192' title='bbox 360 1540 526 1581; x_wconf 87' lang='lat' dir='ltr'>vultum</span> <span class='ocrx_word' id='word_1_193' title='bbox 560 1542 688 1594; x_wconf 88' lang='lat' dir='ltr'>atque</span> <span class='ocrx_word' id='word_1_194' title='bbox 721 1542 873 1581; x_wconf 90' lang='lat' dir='ltr'>nutum</span> <span class='ocrx_word' id='word_1_195' title='bbox 906 1539 1199 1581; x_wconf 81' lang='lat' dir='ltr'>convertitur?</span> 
     </span>
    </p>

    <p class='ocr_par' dir='ltr' id='par_1_9' title="bbox 255 1596 1536 1654">
     <span class='ocr_line' id='line_1_32' title="bbox 255 1596 1536 1654; baseline -0.001 -14"><span class='ocrx_word' id='word_1_196' title='bbox 255 1599 422 1654; x_wconf 74' lang='lat' dir='ltr'>Negat</span> <span class='ocrx_word' id='word_1_197' title='bbox 442 1599 573 1653; x_wconf 88' lang='lat' dir='ltr'>quis,</span> <span class='ocrx_word' id='word_1_198' title='bbox 594 1613 742 1654; x_wconf 73' lang='lat' dir='ltr'>nego,</span> <span class='ocrx_word' id='word_1_199' title='bbox 768 1599 856 1652; x_wconf 88' lang='lat' dir='ltr'>ait,</span> <span class='ocrx_word' id='word_1_200' title='bbox 883 1598 980 1652; x_wconf 71' lang='lat' dir='ltr'>aio,</span> <span class='ocrx_word' id='word_1_201' title='bbox 1006 1601 1266 1653; x_wconf 85' lang='lat' dir='ltr'>postremo</span> <span class='ocrx_word' id='word_1_202' title='bbox 1287 1596 1536 1653; x_wconf 73' lang='lat' dir='ltr'>imperavi</span> 
     </span>
    </p>

    <p class='ocr_par' dir='ltr' id='par_1_10' title="bbox 1002 1657 1358 1713">
     <span class='ocr_line' id='line_1_33' title="bbox 1002 1657 1358 1713; baseline -0.003 -15"><span class='ocrx_word' id='word_1_203' title='bbox 1002 1658 1203 1713; x_wconf 77' lang='lat' dir='ltr'>egomet</span> <span class='ocrx_word' id='word_1_204' title='bbox 1235 1657 1358 1698; x_wconf 90' lang='lat' dir='ltr'>mihi</span> 
     </span>
    </p>

    <p class='ocr_par' dir='ltr' id='par_1_11' title="bbox 197 1707 1537 2355">
     <span class='ocr_line' id='line_1_34' title="bbox 255 1707 749 1765; baseline -0.006 -6"><span class='ocrx_word' id='word_1_205' title='bbox 255 1707 436 1759; x_wconf 78' lang='lat' dir='ltr'>Omnia</span> <span class='ocrx_word' id='word_1_206' title='bbox 469 1716 749 1765; x_wconf 70' lang='lat' dir='ltr'>adsentari,</span> 
     </span>
     <span class='ocr_line' id='line_1_35' title="bbox 198 1774 1536 1829; baseline -0.001 -12"><span class='ocrx_word' id='word_1_207' title='bbox 198 1780 244 1818; x_wconf 90' lang='lat' dir='ltr'>ut</span> <span class='ocrx_word' id='word_1_208' title='bbox 277 1777 338 1817; x_wconf 84' lang='lat' dir='ltr'>ait</span> <span class='ocrx_word' id='word_1_209' title='bbox 370 1775 483 1817; x_wconf 89' lang='lat' dir='ltr'>idem</span> <span class='ocrx_word' id='word_1_210' title='bbox 516 1775 755 1829; x_wconf 85' lang='lat' dir='ltr'>Terentius,</span> <span class='ocrx_word' id='word_1_211' title='bbox 788 1775 860 1816; x_wconf 89' lang='lat' dir='ltr'>sed</span> <span class='ocrx_word' id='word_1_212' title='bbox 891 1775 966 1816; x_wconf 90' lang='lat' dir='ltr'>ille</span> <span class='ocrx_word' id='word_1_213' title='bbox 998 1775 1043 1816; x_wconf 89' lang='lat' dir='ltr'>in</span> <span class='ocrx_word' id='word_1_214' title='bbox 1073 1774 1315 1816; x_wconf 87' lang='lat' dir='ltr'>Gnathonis</span> <span class='ocrx_word' id='word_1_215' title='bbox 1342 1789 1536 1828; x_wconf 74' lang='lat' dir='ltr'>persona,</span> 
     </span>
     <span class='ocr_line' id='line_1_36' title="bbox 199 1833 1537 1890; baseline -0.001 -14"><span class='ocrx_word' id='word_1_216' title='bbox 199 1835 309 1889; x_wconf 87' lang='lat' dir='ltr'>quod</span> <span class='ocrx_word' id='word_1_217' title='bbox 337 1834 462 1876; x_wconf 88' lang='lat' dir='ltr'>amici</span> <span class='ocrx_word' id='word_1_218' title='bbox 490 1848 623 1890; x_wconf 78' lang='lat' dir='ltr'>genus</span> <span class='ocrx_word' id='word_1_219' title='bbox 651 1834 853 1875; x_wconf 87' lang='lat' dir='ltr'>adhibere</span> <span class='ocrx_word' id='word_1_220' title='bbox 879 1833 1052 1875; x_wconf 88' lang='lat' dir='ltr'>omnino</span> <span class='ocrx_word' id='word_1_221' title='bbox 1073 1833 1264 1875; x_wconf 89' lang='lat' dir='ltr'>levitatis</span> <span class='ocrx_word' id='word_1_222' title='bbox 1291 1836 1366 1874; x_wconf 88' lang='lat' dir='ltr'>est.</span> <span class='ocrx_word' id='word_1_223' title='bbox 1408 1833 1537 1874; x_wconf 86' lang='lat' dir='ltr'>Multi</span> 
     </span>
     <span class='ocr_line' id='line_1_37' title="bbox 198 1891 1537 1946; baseline -0.001 -11"><span class='ocrx_word' id='word_1_224' title='bbox 198 1898 337 1935; x_wconf 87' lang='lat' dir='ltr'>autem</span> <span class='ocrx_word' id='word_1_225' title='bbox 361 1893 640 1935; x_wconf 87' lang='lat' dir='ltr'>Gnathonum</span> <span class='ocrx_word' id='word_1_226' title='bbox 661 1893 823 1934; x_wconf 88' lang='lat' dir='ltr'>similes</span> <span class='ocrx_word' id='word_1_227' title='bbox 845 1908 939 1934; x_wconf 88' lang='lat' dir='ltr'>cum</span> <span class='ocrx_word' id='word_1_228' title='bbox 961 1893 1047 1934; x_wconf 89' lang='lat' dir='ltr'>sint</span> <span class='ocrx_word' id='word_1_229' title='bbox 1070 1893 1176 1946; x_wconf 87' lang='lat' dir='ltr'>loco,</span> <span class='ocrx_word' id='word_1_230' title='bbox 1209 1892 1394 1946; x_wconf 88' lang='lat' dir='ltr'>fortuna,</span> <span class='ocrx_word' id='word_1_231' title='bbox 1421 1891 1537 1933; x_wconf 84' lang='lat' dir='ltr'>fama</span> 
     </span>
     <span class='ocr_line' id='line_1_38' title="bbox 199 1951 1535 2007; baseline -0.001 -13"><span class='ocrx_word' id='word_1_232' title='bbox 199 1953 450 2007; x_wconf 81' lang='lat' dir='ltr'>superiores,</span> <span class='ocrx_word' id='word_1_233' title='bbox 482 1953 635 1993; x_wconf 89' lang='lat' dir='ltr'>horum</span> <span class='ocrx_word' id='word_1_234' title='bbox 669 1956 734 1993; x_wconf 89' lang='lat' dir='ltr'>est</span> <span class='ocrx_word' id='word_1_235' title='bbox 766 1952 1008 1993; x_wconf 84' lang='lat' dir='ltr'>adsentatio</span> <span class='ocrx_word' id='word_1_236' title='bbox 1036 1952 1230 2004; x_wconf 86' lang='lat' dir='ltr'>molesta,</span> <span class='ocrx_word' id='word_1_237' title='bbox 1263 1966 1356 1993; x_wconf 88' lang='lat' dir='ltr'>cum</span> <span class='ocrx_word' id='word_1_238' title='bbox 1386 1951 1438 1992; x_wconf 88' lang='lat' dir='ltr'>ad</span> <span class='ocrx_word' id='word_1_239' title='bbox 1463 1966 1535 1993; x_wconf 80' lang='lat' dir='ltr'>va—</span> 
     </span>
     <span class='ocr_line' id='line_1_39' title="bbox 199 2009 1535 2053; baseline -0.002 0"><span class='ocrx_word' id='word_1_240' title='bbox 199 2012 378 2053; x_wconf 87' lang='lat' dir='ltr'>nitatem</span> <span class='ocrx_word' id='word_1_241' title='bbox 417 2011 596 2053; x_wconf 88' lang='lat' dir='ltr'>accessit</span> <span class='ocrx_word' id='word_1_242' title='bbox 641 2012 887 2052; x_wconf 86' lang='lat' dir='ltr'>auctoritas.</span> <span class='ocrx_word' id='word_1_243' title='bbox 949 2009 1117 2052; x_wconf 88' lang='lat' dir='ltr'>Secerni</span> <span class='ocrx_word' id='word_1_244' title='bbox 1163 2013 1307 2052; x_wconf 89' lang='lat' dir='ltr'>autem</span> <span class='ocrx_word' id='word_1_245' title='bbox 1352 2010 1535 2051; x_wconf 87' lang='lat' dir='ltr'>blandus</span> 
     </span>
     <span class='ocr_line' id='line_1_40' title="bbox 198 2069 1536 2124; baseline -0.001 -12"><span class='ocrx_word' id='word_1_246' title='bbox 198 2071 358 2112; x_wconf 86' lang='lat' dir='ltr'>amicus</span> <span class='ocrx_word' id='word_1_247' title='bbox 391 2086 416 2111; x_wconf 88' lang='lat' dir='ltr'>a</span> <span class='ocrx_word' id='word_1_248' title='bbox 448 2085 548 2112; x_wconf 85' lang='lat' dir='ltr'>vero</span> <span class='ocrx_word' id='word_1_249' title='bbox 582 2072 624 2111; x_wconf 91' lang='lat' dir='ltr'>et</span> <span class='ocrx_word' id='word_1_250' title='bbox 655 2070 888 2112; x_wconf 88' lang='lat' dir='ltr'>internosci</span> <span class='ocrx_word' id='word_1_251' title='bbox 920 2072 1010 2111; x_wconf 88' lang='lat' dir='ltr'>tam</span> <span class='ocrx_word' id='word_1_252' title='bbox 1043 2072 1187 2124; x_wconf 89' lang='lat' dir='ltr'>potest</span> <span class='ocrx_word' id='word_1_253' title='bbox 1220 2069 1413 2110; x_wconf 86' lang='lat' dir='ltr'>adhibita</span> <span class='ocrx_word' id='word_1_254' title='bbox 1445 2069 1536 2110; x_wconf 89' lang='lat' dir='ltr'>dili-</span> 
     </span>
     <span class='ocr_line' id='line_1_41' title="bbox 199 2128 1536 2185; baseline -0.001 -15"><span class='ocrx_word' id='word_1_255' title='bbox 199 2129 345 2185; x_wconf 79' lang='lat' dir='ltr'>gentia</span> <span class='ocrx_word' id='word_1_256' title='bbox 378 2144 505 2183; x_wconf 87' lang='lat' dir='ltr'>quam</span> <span class='ocrx_word' id='word_1_257' title='bbox 533 2129 676 2170; x_wconf 87' lang='lat' dir='ltr'>omnia</span> <span class='ocrx_word' id='word_1_258' title='bbox 696 2129 841 2171; x_wconf 88' lang='lat' dir='ltr'>fucata</span> <span class='ocrx_word' id='word_1_259' title='bbox 867 2131 909 2170; x_wconf 86' lang='lat' dir='ltr'>et</span> <span class='ocrx_word' id='word_1_260' title='bbox 936 2129 1139 2169; x_wconf 86' lang='lat' dir='ltr'>simulata</span> <span class='ocrx_word' id='word_1_261' title='bbox 1160 2143 1185 2170; x_wconf 89' lang='lat' dir='ltr'>a</span> <span class='ocrx_word' id='word_1_262' title='bbox 1205 2128 1380 2169; x_wconf 85' lang='lat' dir='ltr'>sinceris</span> <span class='ocrx_word' id='word_1_263' title='bbox 1409 2131 1536 2182; x_wconf 89' lang='lat' dir='ltr'>atque</span> 
     </span>
     <span class='ocr_line' id='line_1_42' title="bbox 198 2187 1536 2243; baseline -0.002 -13"><span class='ocrx_word' id='word_1_264' title='bbox 198 2189 319 2230; x_wconf 86' lang='lat' dir='ltr'>veris.</span> <span class='ocrx_word' id='word_1_265' title='bbox 383 2187 549 2242; x_wconf 79' lang='lat' dir='ltr'>Contio,</span> <span class='ocrx_word' id='word_1_266' title='bbox 583 2203 689 2242; x_wconf 89' lang='lat' dir='ltr'>quae</span> <span class='ocrx_word' id='word_1_267' title='bbox 722 2203 772 2229; x_wconf 85' lang='lat' dir='ltr'>ex</span> <span class='ocrx_word' id='word_1_268' title='bbox 804 2187 1138 2243; x_wconf 88' lang='lat' dir='ltr'>imperitissimis</span> <span class='ocrx_word' id='word_1_269' title='bbox 1172 2190 1359 2240; x_wconf 84' lang='lat' dir='ltr'>constat,</span> <span class='ocrx_word' id='word_1_270' title='bbox 1392 2190 1536 2228; x_wconf 86' lang='lat' dir='ltr'>tamen</span> 
     </span>
     <span class='ocr_line' id='line_1_43' title="bbox 197 2246 1536 2301; baseline -0.002 -12"><span class='ocrx_word' id='word_1_271' title='bbox 197 2247 383 2289; x_wconf 86' lang='lat' dir='ltr'>iudicare</span> <span class='ocrx_word' id='word_1_272' title='bbox 417 2247 547 2300; x_wconf 81' lang='lat' dir='ltr'>solet,</span> <span class='ocrx_word' id='word_1_273' title='bbox 586 2247 687 2301; x_wconf 89' lang='lat' dir='ltr'>quid</span> <span class='ocrx_word' id='word_1_274' title='bbox 724 2247 896 2288; x_wconf 90' lang='lat' dir='ltr'>intersit</span> <span class='ocrx_word' id='word_1_275' title='bbox 936 2247 1048 2287; x_wconf 88' lang='lat' dir='ltr'>inter</span> <span class='ocrx_word' id='word_1_276' title='bbox 1085 2247 1358 2301; x_wconf 84' lang='lat' dir='ltr'>popularem,</span> <span class='ocrx_word' id='word_1_277' title='bbox 1396 2246 1438 2287; x_wconf 90' lang='lat' dir='ltr'>id</span> <span class='ocrx_word' id='word_1_278' title='bbox 1471 2249 1536 2287; x_wconf 85' lang='lat' dir='ltr'>est</span> 
     </span>
     <span class='ocr_line' id='line_1_44' title="bbox 199 2305 1536 2355; baseline -0.001 -7"><span class='ocrx_word' id='word_1_279' title='bbox 199 2306 515 2348; x_wconf 82' lang='lat' dir='ltr'>adsentatorem</span> <span class='ocrx_word' id='word_1_280' title='bbox 562 2309 604 2346; x_wconf 88' lang='lat' dir='ltr'>et</span> <span class='ocrx_word' id='word_1_281' title='bbox 643 2307 779 2347; x_wconf 88' lang='lat' dir='ltr'>levem</span> <span class='ocrx_word' id='word_1_282' title='bbox 820 2307 973 2355; x_wconf 87' lang='lat' dir='ltr'>civem,</span> <span class='ocrx_word' id='word_1_283' title='bbox 1018 2308 1060 2346; x_wconf 90' lang='lat' dir='ltr'>et</span> <span class='ocrx_word' id='word_1_284' title='bbox 1103 2305 1214 2346; x_wconf 82' lang='lat' dir='ltr'>inter</span> <span class='ocrx_word' id='word_1_285' title='bbox 1256 2307 1536 2349; x_wconf 77' lang='lat' dir='ltr'>constantem.</span> 
     </span>
    </p>
   </div>
   <div class='ocr_carea' id='block_1_8' title="bbox 1559 728 1589 751">
    <p class='ocr_par' dir='ltr' id='par_1_12' title="bbox 1559 728 1589 751">
     <span class='ocr_line' id='line_1_45' title="bbox 1559 728 1589 751; baseline 0.033 -1"><span class='ocrx_word' id='word_1_286' title='bbox 1559 728 1589 751; x_wconf 85' lang='lat'>10</span> 
     </span>
    </p>
   </div>
   <div class='ocr_carea' id='block_1_9' title="bbox 1557 1021 1587 1045">
    <p class='ocr_par' dir='ltr' id='par_1_13' title="bbox 1557 1021 1587 1045">
     <span class='ocr_line' id='line_1_46' title="bbox 1557 1021 1587 1045; baseline 0.033 -1"><span class='ocrx_word' id='word_1_287' title='bbox 1557 1021 1587 1045; x_wconf 86' lang='lat'>15</span> 
     </span>
    </p>
   </div>
   <div class='ocr_carea' id='block_1_10' title="bbox 1558 1315 1590 1339">
    <p class='ocr_par' dir='ltr' id='par_1_14' title="bbox 1558 1315 1590 1339">
     <span class='ocr_line' id='line_1_47' title="bbox 1558 1315 1590 1339; baseline -0.031 0"><span class='ocrx_word' id='word_1_288' title='bbox 1558 1315 1590 1339; x_wconf 80' lang='lat'>20</span> 
     </span>
    </p>
   </div>
   <div class='ocr_carea' id='block_1_11' title="bbox 1557 1669 1588 1692">
    <p class='ocr_par' dir='ltr' id='par_1_15' title="bbox 1557 1669 1588 1692">
     <span class='ocr_line' id='line_1_48' title="bbox 1557 1669 1588 1692; baseline 0 0"><span class='ocrx_word' id='word_1_289' title='bbox 1557 1669 1588 1692; x_wconf 71' lang='lat'>25</span> 
     </span>
    </p>
   </div>
   <div class='ocr_carea' id='block_1_12' title="bbox 1557 1962 1590 1987">
    <p class='ocr_par' dir='ltr' id='par_1_16' title="bbox 1557 1962 1590 1987">
     <span class='ocr_line' id='line_1_49' title="bbox 1557 1962 1590 1987; baseline 0.03 -1"><span class='ocrx_word' id='word_1_290' title='bbox 1557 1962 1590 1987; x_wconf 83' lang='lat'>30</span> 
     </span>
    </p>
   </div>
   <div class='ocr_carea' id='block_1_13' title="bbox 1558 2257 1589 2282">
    <p class='ocr_par' dir='ltr' id='par_1_17' title="bbox 1558 2257 1589 2282">
     <span class='ocr_line' id='line_1_50' title="bbox 1558 2257 1589 2282; baseline 0.032 -1"><span class='ocrx_word' id='word_1_291' title='bbox 1558 2257 1589 2282; x_wconf 79' lang='lat'>35</span> 
     </span>
    </p>
   </div>
  </div>
 </body>
</html>
