1673 2505
199 81 285 122 5264
716 80 1016 116 FRAGMENTA

290 190 354 230 11.
387 188 512 230 Alter
550 202 701 242 pecore
739 187 855 228 omni
891 187 1063 229 vendito
1103 189 1144 228 et
1183 187 1364 229 saltibus
1402 201 1535 242 prope

200 247 378 289 addictis
411 249 608 302 pastores
639 246 810 300 retinet,
842 260 891 286 ex
924 245 1077 299 quibus
1110 245 1171 286 ait
1203 260 1258 300 se,
1293 261 1387 288 cum
1419 246 1535 299 velit,

200 306 342 348 subito
373 305 657 361 fugitivorum
689 304 852 345 bellum
884 304 1180 345 excitaturum.

347 364 389 406 C.
421 364 648 405 Antonium
681 363 896 415 siqnifecat.

291 423 355 463 12.
394 421 519 462 Alter
556 420 724 461 induxit
762 435 874 474 eum,
919 434 1044 474 quem
1081 420 1239 474 potuit,
1276 424 1324 462 ut
1362 423 1535 475 repente
1573 432 1589 457 5

201 481 463 537 gladiatores
494 479 654 534 populo
686 493 774 520 non
806 479 971 520 debitos
1002 479 1295 533 polliceretur3
1336 494 1408 520 eos
1445 480 1537 533 ipse

200 539 436 581 consularis
470 537 719 579 candidatus
752 537 970 592 perspexit
996 539 1038 577 et
1064 537 1172 592 legit
1198 540 1240 578 et
1267 538 1387 592 emit3
1418 552 1537 592 prae-

202 600 319 639 sente
350 596 511 652 populo
544 596 738 638 Romano
771 596 934 637 factum
967 597 1044 636 est.

350 656 394 707 Q.
428 654 631 705 Gallium,
669 668 785 707 quem
814 657 957 708 postea
992 667 1106 695 reum
1142 654 1317 696 ambitus
1352 654 1539 706 defendit,

259 715 492 767 siynificare
521 715 697 763 videtum·
729 713 794 754 liic
823 714 931 754 enim
961 726 1051 754 cum
1082 715 1179 754 esset
1199 716 1421 765 praeturae
1445 727 1537 754 can·
1560 725 1592 750 10

259 774 441 826 didatus,
478 773 584 825 quocl
618 773 664 813 in
694 772 914 822 aedilitate,
954 785 1077 824 quam
1108 774 1202 812 ante
1231 785 1388 813 annum
1414 785 1538 825 96336-

260 835 344 882 rat,
377 832 522 872 bestias
551 844 634 872 non
664 830 875 883 habuerat,
912 831 1020 872 dedit
1044 830 1290 883 yladiatores
1320 830 1393 872 sub
1424 831 1539 872 titulo

252 891 371 943 patri
400 903 442 931 se
471 890 517 930 icl
546 890 654 930 clare.

294 949 357 989 13.
386 947 522 996 Quam
544 948 597 989 ob
618 962 708 988 rem
735 950 888 1002 augete
916 947 1045 988 etiam
1069 947 1316 1001 mercedem,
1342 947 1378 988 si
1397 947 1540 1001 vultis,

203 1006 248 1055 Q.
277 1006 409 1061 Muci,
441 1009 490 1047 ut
521 1009 765 1061 perseveret
797 1007 937 1061 legem
968 1006 1193 1061 impedire,
1229 1008 1278 1047 ut
1309 1006 1450 1060 coepit
1481 1021 1541 1047 se-
1562 1018 1594 1044 15

201 1068 328 1107 natus
362 1065 623 1119 consultum3
660 1065 733 1106 sed
759 1079 838 1120 ego
872 1079 921 1106 ea
947 1065 1042 1120 lege
1067 1067 1292 1106 contentus
1319 1079 1424 1117 sum,
1458 1080 1542 1119 qua

203 1125 308 1166 duos
330 1124 524 1166 consules
547 1123 794 1178 designatos
814 1138 897 1165 uno
918 1126 1111 1178 tempore
1132 1123 1326 1165 damnari
1345 1123 1540 1165 vidimus.

348 1183 495 1236 Leyem
521 1182 792 1235 Calpurniam
822 1183 1036 1236 siynifficat,
1067 1196 1190 1235 quam
1221 1182 1263 1224 C.
1293 1182 1543 1236 Calpurnius

260 1241 360 1283 Piso
403 1245 496 1282 ante
539 1242 761 1282 triennium
803 1242 850 1282 de
883 1241 1042 1293 'ambitu
1079 1241 1235 1282 tulerat.
1298 1242 1413 1293 Quod
1447 1243 1544 1283 elicit

260 1305 396 1341 autem
432 1301 648 1341 damnatos
683 1313 764 1341 esse
800 1301 1027 1353 desiynatos
1062 1300 1257 1353 consules,
1295 1300 1343 1341 P.
1381 1299 1543 1342 Sullam
1562 1312 1596 1337 20

261 1362 299 1400 ct
321 1358 368 1399 P.
389 1358 654 1412 Autronium,
679 1359 726 1399 (le
750 1359 894 1410 quibus
918 1359 1004 1399 iam
1029 1359 1220 1412 diximus,
1247 1359 1334 1400 vult
1356 1359 1543 1412 intelleyi.

262 1416 488 1470 Coynomen
530 1420 664 1458 autem
703 1417 746 1469 Q.
784 1417 925 1458 Ilffucio
970 1417 1146 1470 tribuno,
1189 1430 1305 1470 quem
1347 1418 1544 1472 nominat,

260 1476 346 1528 fuit
378 1475 598 1516 Orestinus.

296 1534 360 1575 14.
392 1533 535 1589 Atque
572 1536 621 1574 ut
656 1533 789 1574 istum
828 1534 1026 1575 omittam
1063 1533 1108 1574 in
1146 1533 1333 1575 exercitu
1366 1532 1542 1576 Sullano

204 1593 479 1647 praedonem,
515 1593 561 1633 in
597 1592 778 1634 introitu
817 1593 1119 1648 gladiatorem,
1157 1592 1201 1633 in
1231 1593 1412 1634 victoria
1444 1608 1543 1647 qua·
1562 1603 1597 1629 25

204 1651 454 1706 drigarium.

350 1710 416 1752 De
452 1710 634 1751 Antonio
672 1711 752 1752 clici
789 1709 1052 1762 manifestum
1088 1713 1154 1751 est.
1215 1710 1276 1751 Et
1316 1711 1414 1752 dicit
1455 1724 1545 1751 eum

265 1769 324 1809 ‘in
356 1768 542 1810 exercitu
575 1767 719 1810 Sullae
750 1767 1025 1823 praedonem'
1056 1772 1224 1821 propter
1254 1770 1431 1821 equitum
1463 1772 1545 1810 tur-

262 1841 369 1882 mas,
406 1828 550 1880 quibus
581 1827 786 1868 Achaiam
818 1828 865 1868 ab
896 1841 938 1868 co
974 1831 1160 1868 vexatam
1190 1841 1271 1869 esse
1299 1828 1545 1881 siynisicavi-

262 1900 374 1936 mus;
415 1885 474 1927 ‘in
504 1886 686 1928 introitu
726 1885 1027 1941 gladiatorem'
1051 1886 1230 1939 pertinet
1258 1887 1315 1927 acl
1342 1887 1544 1928 invidiam
1564 1896 1599 1922 30

254 1945 584 1998 proscriptionis,
622 1958 725 1997 quae
762 1948 847 1985 tum
882 1944 995 1996 facta
1025 1948 1101 1994 cst,·
1142 1944 1201 1985 ‘in
1231 1944 1414 1986 victoria
1446 1959 1545 1999 qua-

264 2003 529 2058 drigarium’,
560 2005 682 2056 quod,
713 2017 804 2044 cum
835 2002 954 2045 Sulla
976 2006 1072 2056 post
1100 2003 1312 2044 victoriam
1343 2002 1547 2045 Circenses

261 2063 412 2113 faceret
452 2064 528 2115 ita,
571 2066 619 2104 ut
658 2062 813 2103 honesti
854 2061 1034 2103 homines
1073 2062 1294 2115 quadrigas
1332 2062 1546 2116 ayitarent,

260 2121 346 2172 fuit
374 2122 480 2162 inter
509 2135 572 2162 eos
603 2120 645 2162 C.
677 2121 896 2162 Antonius.

296 2178 359 2220 15.
386 2179 445 2220 Te
471 2194 584 2233 vero,
613 2178 812 2233 Catilina,
839 2179 1109 2221 consulatum
1137 2193 1308 2234 sperare
1335 2181 1410 2220 aut
1435 2178 1544 2235 cogi·
1567 2188 1600 2215 35

203 2239 297 2278 tare
327 2252 414 2279 non
446 2238 691 2293 prodigium
723 2240 851 2292 atque
882 2239 1130 2293 portentum
1163 2239 1258 2280 est?
1322 2237 1360 2278 A
1393 2238 1547 2292 quibus

205 2295 318 2337 enim
355 2296 497 2352 petis?
536 2312 560 2337 a
597 2296 862 2351 principibus
895 2295 1113 2338 civitatis?
1152 2296 1224 2351 qui
1261 2296 1344 2338 tibi
1377 2311 1472 2338 cum
1503 2296 1548 2338 L.
