1673 2505
482 87 762 125 PH1LOSOPH.
790 89 830 122 F.
859 88 889 122 V
915 92 1065 123 91—97.
1365 89 1449 129 325

108 197 280 238 Mortua
314 196 415 248 quin
452 197 573 236 etiam
611 197 799 248 iitnycbat
833 208 1002 247 corpora
1031 194 1159 247 vivis]
1189 196 1298 246 qnod
1325 208 1451 247 supra

107 256 258 296 (lictum
281 253 348 305 est,
373 255 480 306 quod
499 253 634 295 Cicero
660 255 781 295 etiam
802 254 846 294 in
866 253 1085 294 Hortensio
1105 253 1153 293 cle
1175 253 1316 293 Tuscis
1335 255 1450 294 dixit.

109 335 162 341 —
203 311 291 353 Val.
322 312 442 353 IlIax.
468 312 543 352 IX
565 314 596 354 2
625 315 698 353 ext.
731 315 783 353 10
814 312 877 353 Ac
912 325 963 352 ne
992 312 1161 352 Etrusci
1190 312 1351 363 quidem
1375 326 1451 363 pa-

107 384 201 411 rum
234 370 384 421 feroces
413 371 459 411 in
482 384 618 422 poena
648 371 928 422 cxcoyilancla,
966 371 1039 422 qui
1067 370 1252 410 vivorum
1283 383 1452 421 corpora

73 441 89 466 5
108 428 369 470 cadaveribus
399 429 567 470 adversa
595 429 774 470 adversis
798 429 969 481 alliyata
994 431 1111 481 atque
1135 428 1361 480 constricta,
1396 429 1452 468 ita

107 490 154 528 ut
181 487 367 540 singulae
402 487 670 528 membrorum
703 490 842 539 partes
871 487 1045 540 sinyulis
1074 489 1202 528 essent
1231 487 1453 528 adcommo-

107 545 236 598 ‹latae‚
269 545 460 586 tabescere
484 546 609 586 simul
628 546 892 597 patiebantur
919 546 1056 586 amari
1087 546 1192 586 vitae
1214 546 1376 597 pariter
1407 558 1454 586 ac

107 605 251 645 mortis
282 607 458 645 tortores.

196 661 264 703 96,
303 661 410 703 Non.
443 676 486 715 p.
518 664 587 703 42.
621 666 647 703 7
678 662 740 703 ΙΙΙ.
776 662 937 703 Tullius
974 663 1019 702 in
1050 661 1293 703 Hortensio:
1333 661 1454 702 Vidit

60 734 88 758 10
109 720 240 774 enim,
285 720 398 774 quod
442 720 671 761 videndum
715 720 819 774 fuit,
864 719 1140 774 adpendicem
1185 719 1317 760 animi
1361 734 1454 760 esse

108 793 281 832 corpus,
313 778 506 832 nihilque
539 793 631 819 esse
663 778 708 820 in
740 793 788 820 eo
822 792 1039 833 magnum.

196 837 264 878 97.
290 837 463 890 Auyust.
489 838 536 878 de
562 838 690 878 trinit.
717 837 838 878 XIV
855 841 918 879 19.
941 839 999 879 26
1022 837 1067 877 Τ.
1101 836 1168 878 VI
1179 850 1222 889 p.
1245 840 1328 878 684
1343 837 1384 877 A
1398 850 1453 889 sq.

107 896 212 937 Ben.
232 895 428 949 Anlverp.
450 895 577 937 Hanc
601 896 952 948 contemplativam
976 896 1221 948 sapientiam
1244 920 1296 924 ——
1319 895 1454 936 Cicero

109 955 394 996 commendans
425 955 470 996 in
500 955 582 1007 fine
612 955 765 1007 clz'aloyi
795 954 1032 996 Hortensii:
1069 952 1184 1002 Quae
1215 954 1360 1007 nobis,
1393 955 1454 995 in-

0 1015 1 1018 ’
58 1024 89 1051 15
108 1014 205 1065 quil,
239 1013 327 1054 dies
359 1016 591 1067 noctesque
625 1013 994 1054 considerantibus
1028 1012 1362 1067 acuentibusque
1394 1012 1456 1053 in-

108 1071 418 1126 tellegentiam,
451 1086 558 1125 quae
592 1075 658 1112 est
684 1072 840 1112 mentis
869 1071 993 1124 acies,
1025 1071 1372 1125 caventibusque,
1404 1086 1456 1111 ne

109 1129 278 1184 quando
310 1130 388 1171 illa
419 1130 635 1184 hebescat,
667 1130 710 1170 id
736 1133 802 1170 est
827 1130 873 1170 111
896 1129 1174 1184 philosophia
1199 1130 1455 1179 viventibus,

109 1202 269 1243 magna
302 1202 398 1242 spes
432 1191 497 1229 est
530 1191 615 1242 aut,
648 1188 684 1229 si
710 1188 802 1241 hoc,
836 1202 919 1242 quo
947 1188 1155 1228 sentimus
1183 1190 1225 1228 et
1252 1188 1455 1242 sapimus,

111 1247 293 1288 mortale
332 1249 375 1288 et
412 1247 617 1288 caducum
650 1249 733 1300 est,
777 1246 1007 1288 iucundum
1050 1246 1175 1287 nobis
1219 1246 1456 1301 perfunctis

58 1318 89 1342 20
111 1305 359 1346 muneribus
390 1305 590 1346 humanis
623 1320 820 1347 occasum
851 1319 988 1359 neque
1020 1305 1249 1346 molestam
1277 1304 1457 1346 exstinc—

110 1364 273 1405 tionem
299 1366 341 1405 et
368 1364 491 1418 quasi
517 1364 703 1418 quietem
729 1364 843 1405 vitae
875 1363 967 1404 fore
994 1366 1080 1417 aut,
1113 1363 1160 1417 si,
1193 1365 1241 1404 ut
1267 1363 1456 1417 antiquis

110 1422 396 1477 philosophis,
428 1422 566 1477 iisque
598 1423 796 1463 maximis
830 1423 1043 1477 longeque
1070 1422 1336 1475 clarissimis,
1367 1422 1458 1476 pla-

110 1481 216 1535 cuit,
255 1483 452 1525 aeternos
485 1481 650 1522 animos
685 1496 732 1522 ac
765 1481 931 1522 divinos
962 1481 1190 1534 habemus⁷
1224 1481 1284 1522 sic
1317 1480 1459 1523 existi-

112 1539 315 1580 mandum
360 1542 445 1593 est,
491 1554 574 1594 quo
620 1540 759 1595 magis
804 1539 850 1580 hi
891 1539 1053 1580 fuerint
1091 1553 1259 1594 semper
1297 1539 1341 1580 in
1380 1553 1457 1580 suo

60 1609 92 1634 25
114 1612 251 1652 cursu,
282 1598 326 1638 id
358 1600 424 1639 est
454 1598 499 1638 111
530 1598 697 1639 ratione
730 1601 773 1639 et
804 1597 1096 1653 investigandi
1129 1598 1384 1652 cupiditate,
1417 1600 1459 1638 et

113 1671 195 1711 quo
236 1656 376 1697 minus
416 1670 460 1698 se
500 1656 805 1698 admiscuerint
837 1659 966 1710 atque
998 1656 1290 1711 implicuerint
1323 1656 1459 1697 homi-

110 1730 214 1756 num
245 1715 363 1756 vitiis
396 1717 439 1756 et
471 1715 707 1769 erroribus,
738 1715 820 1757 hoc
850 1715 904 1756 iis
935 1714 1174 1756 faciliorem
1207 1715 1458 1756 adscensum

113 1776 156 1815 et
186 1774 371 1814 reditum
402 1774 448 1814 in
480 1774 645 1815 caelum
676 1773 780 1815 fore.
824 1773 984 1815 Deinde
1008 1774 1160 1815 addens
1190 1773 1296 1815 lianc
1326 1775 1460 1826 ipsam

112 1833 340 1874 clausulam
375 1834 659 1885 repetendoque
694 1846 918 1874 sermonem
960 1833 1130 1885 finiens:
1176 1831 1460 1887 Quapropter,

59 1903 92 1928 ³0
114 1892 266 1944 inquit,
310 1893 359 1932 ut
404 1891 635 1945 aliquando
680 1891 936 1932 terminetur
982 1891 1142 1944 oratio,
1194 1891 1230 1931 si
1275 1893 1350 1931 aut
1394 1904 1460 1930 ex-

113 1949 276 2004 stingui
308 1950 542 2003 tranquille
574 1949 785 2003 volumus,
818 1964 914 1991 cum
946 1949 990 1989 in
1021 1949 1088 1990 his
1117 1949 1282 1990 artibus
1310 1949 1461 1990 vixeri-

113 2022 224 2061 mus,
270 2011 344 2048 aut
383 2008 420 2049 si
459 2022 508 2049 ex
545 2008 626 2049 hac
663 2008 709 2049 in
748 2007 878 2048 aliam
916 2008 1031 2048 haud
1067 2008 1197 2062 paulo
1237 2007 1461 2048 meliorem

113 2066 286 2108 domum
332 2066 422 2107 sine
466 2081 588 2108 mora
633 2066 892 2121 demigrare,
935 2066 980 2106 in
1023 2066 1091 2107 his
1136 2066 1289 2108 studiis
1334 2065 1461 2107 nobis

113 2125 252 2166 omnis
274 2139 404 2179 opera
424 2127 466 2166 et
487 2140 588 2166 cura
612 2125 810 2179 ponenda
830 2127 906 2166 est.
922 2150 977 2153 —
997 2124 1202 2167 Claudius
1218 2125 1461 2166 Tanrinens.

59 2195 92 2220 ³5
107 2184 240 2237 praef.
259 2187 516 2225 commentar.
536 2185 592 2225 acl
609 2185 720 2236 epist.
741 2183 868 2224 Pauli
893 2184 939 2224 in
958 2183 1072 2224 Maii
1090 2185 1241 2237 scripit.
1266 2186 1353 2224 vett.
1373 2197 1461 2223 nov.

112 2242 198 2284 coll.
218 2255 238 2283 e
257 2243 366 2284 codcl.
393 2242 500 2284 Vati.
522 2242 617 2284 VII
624 2256 668 2295 1).
687 2245 775 2284 274
790 2255 845 2294 sq.
866 2240 982 2290 Quae
1001 2242 1127 2283 nobis
1149 2266 1204 2271 ——
1227 2266 1282 2270 —
1302 2257 1340 2282 m
1349 2255 1462 2296 agna,

112 2314 211 2355 spes
238 2302 304 2341 est
329 2304 367 2342 et
390 2300 480 2342 Aut
507 2302 554 2355 si,
581 2303 629 2341 ut
656 2301 845 2354 antiquis
873 2325 926 2330 —
951 2325 1008 2329 —
1034 2315 1135 2342 cura
1161 2300 1357 2355 ponenda
1384 2302 1460 2339 est.
