1673 2505
250 95 336 137 400
766 96 1064 131 FRAGMENTA

309 203 459 245 Vitare
491 204 708 259 ingentem
742 203 907 244 cladem
938 206 1186 258 pestemque
1219 204 1450 246 monebant
1540 216 1584 246 50

308 261 389 303 Vel
420 263 566 317 legum
598 262 774 302 exitium
806 262 1023 303 constanti
1053 276 1154 303 voce
1185 262 1381 304 ferebant

309 320 489 375 Templa
521 321 728 374 deumque
762 320 864 361 adeo
899 320 1084 361 fiammis
1116 321 1348 375 urbemque
1380 321 1585 362 iubebant

308 379 486 434 Eripere
520 381 561 419 et
594 381 784 433 stragem
815 378 1068 420 horribilem
1100 379 1353 434 caedemque
1384 380 1537 434 vereri3

311 438 454 492 Atque
485 438 590 478 haec
620 437 706 478 fixa
738 437 861 492 gravi
890 437 982 478 fato
1015 452 1064 479 ac
1094 437 1273 478 fundata
1304 439 1457 492 teneri,
1623 450 1639 477 5

309 496 367 536 Ni
397 496 515 550 prius
550 496 762 537 excelsum
795 496 848 537 ad
879 496 1074 537 columen
1104 496 1292 537 formata
1324 496 1471 538 decore
1543 507 1585 538 55

311 553 468 596 Sancta
499 554 614 596 Iovis
647 554 808 609 species
842 555 978 596 claros
1012 556 1226 609 spectaret
1256 555 1301 595 in
1333 557 1463 596 ortus.

310 614 418 654 Tum
449 613 541 654 fore
573 615 621 653 ut
654 613 843 655 occultos
875 613 1059 668 populus
1093 616 1348 667 sanctusque
1381 616 1553 655 senatus

311 671 492 713 Cernere
525 674 703 713 conatus
736 674 899 726 posset,
932 672 968 712 si
1000 671 1103 713 solis
1137 672 1189 712 ad
1221 674 1363 713 ortum

311 730 527 772 Conversa
558 730 655 771 inde
687 733 858 784 patrum
892 731 1011 771 sedes
1044 730 1275 785 populique
1307 730 1481 772 videret.
1607 745 1641 770 ιο

310 788 428 831 Haec
459 789 632 830 tardata
664 789 734 829 diu
768 789 928 843 species
961 790 1229 843 multumque
1261 792 1428 830 morata
1543 800 1586 832 60

312 846 496 890 Consule
528 850 571 888 te
603 848 776 889 tandem
804 847 918 889 celsa
950 850 1016 888 est
1046 848 1092 888 in
1123 848 1220 889 sede
1252 848 1410 901 locata,

310 906 454 961 Atque
485 921 571 947 una
601 906 674 947 fixi
706 921 754 948 ac
787 906 948 961 signati
979 906 1185 961 temporis
1217 906 1324 947 hora

310 965 504 1020 Iuppiter
538 966 701 1007 excelsa
736 965 930 1006 clarabat
962 968 1130 1020 sceptra
1162 965 1377 1019 columna,

310 1024 374 1066 Ac
406 1024 547 1065 clades
580 1024 745 1078 patriae
776 1024 951 1065 flamma
981 1024 1180 1078 ferroque
1211 1026 1365 1078 parata
1607 1037 1640 1063 15

308 1081 498 1124 Vocibus
521 1083 807 1138 Allobrogum
827 1083 1022 1137 patribus
1043 1083 1287 1137 populoque
1306 1081 1496 1137 patebat.
1543 1093 1586 1124 65

310 1141 409 1183 Rite
440 1142 574 1197 igitur
605 1144 788 1195 veteres,
821 1156 1001 1195 quorum
1034 1144 1311 1183 monumenta
1341 1141 1516 1194 tenetis,

311 1200 392 1249 Qui
422 1201 605 1255 populos
638 1200 841 1254 urbisque
873 1200 999 1242 modo
1032 1215 1080 1241 ac
1111 1200 1269 1241 virtute
1300 1200 1527 1255 regebant,

310 1259 409 1300 Rite
442 1259 571 1300 etiam
604 1260 754 1313 vestri,
788 1274 965 1314 quorum
999 1259 1221 1313 pictasque
1252 1258 1440 1312 fidesque

309 1318 535 1359 Praestitit
567 1320 608 1359 et
640 1318 768 1373 longe
799 1318 902 1359 vicit
933 1318 1144 1372 sapientia
1176 1320 1370 1371 cunctos,
1607 1330 1641 1356 20
1670 1368 1673 1375 Ι

309 1376 543 1431 Praecipue
576 1377 743 1418 coluere
776 1377 939 1432 vigenti
969 1376 1143 1417 numine
1175 1376 1306 1417 divos.
1544 1386 1587 1417 70
1670 1382 1673 1388 “

309 1435 428 1477 Haec
461 1435 564 1476 adeo
597 1435 766 1489 penitus
800 1450 901 1476 cura
932 1435 1073 1476 videre
1106 1435 1268 1490 sagaci,

312 1493 411 1535 Otia
443 1494 516 1548 qui
547 1494 700 1535 studiis
732 1494 837 1534 laeti
868 1497 1041 1535 tenuere
1074 1494 1254 1547 decoris,

309 1553 443 1607 Inque
475 1553 708 1594 Academia
738 1552 973 1594 umbrifera
1003 1553 1223 1607 nitidoque
1254 1551 1393 1606 Lyceo

309 1611 529 1652 Fuderunt
562 1612 700 1653 claras
731 1611 901 1653 fecundi
932 1611 1116 1665 pectoris
1149 1611 1266 1652 artis.
1606 1621 1641 1648 25
1668 1659 1673 1669 f

309 1670 346 1712 E
381 1670 534 1725 quibus
568 1673 759 1725 ereptum
793 1670 931 1725 primo
963 1671 1049 1711 iam
1083 1685 1107 1711 a
1137 1670 1240 1711 flore
1272 1670 1470 1711 iuventae
1545 1680 1587 1710 75
1668 1667 1673 1682 ‘

312 1729 371 1770 Te
403 1729 546 1784 patria
577 1729 622 1770 in
654 1729 793 1770 media
824 1730 1032 1771 virtutum
1066 1729 1179 1770 mole
1211 1729 1380 1770 locavit.

312 1788 376 1829 Tu
407 1791 553 1829 tamen
586 1788 798 1830 anxiferas
832 1803 954 1829 curas
985 1788 1176 1842 requiete
1207 1788 1403 1829 relaxans

312 1846 434 1895 Quod
465 1846 631 1902 patriae
663 1850 805 1901 vacat,
837 1847 879 1887 id
912 1847 1064 1888 studiis
1097 1846 1305 1900 nobisque
1337 1845 1527 1887 sacrasti.

252 1905 439 1948 Laetam.
464 1907 556 1947 iiist.
577 1907 653 1948 div.
673 1906 761 1946 III
774 1909 839 1947 17.
859 1909 915 1948 12
926 1920 1007 1959 sqq.
1027 1906 1285 1959 Capitolium,
1310 1906 1416 1957 quod
1432 1908 1490 1946 est
1506 1904 1588 1946 Ro·
1607 1915 1623 1940 3

252 1978 399 2006 manae
429 1965 542 2006 urbis
573 1968 611 2006 et
633 1965 842 2018 reliyioviis
867 1969 987 2017 eaput
1009 1978 1225 2017 Simmmtm,
1256 1978 1337 2005 novi
1363 1964 1492 2017 semel,
1522 1963 1592 2005 sed

251 2025 411 2076 saepius
439 2024 613 2075 fulmine
643 2024 767 2065 ictum
798 2024 1072 2077 conflagravit.
1133 2024 1333 2065 Homines
1364 2025 1497 2063 autem
1528 2023 1589 2063 in-

249 2084 404 2135 yeniosi
440 2083 540 2135 quid
580 2084 626 2123 de
667 2083 738 2123 hoe
780 2083 1115 2136 existiiiiaveriiit‚
1158 2095 1206 2123 ex
1247 2083 1350 2122 dic-to
1388 2080 1590 2123 Ciceronis

251 2145 431 2195 apparet,
462 2142 532 2194 qui
563 2142 623 2182 ait
653 2142 848 2183 divinitus
879 2143 1077 2183 exstitisse
1107 2141 1224 2182 illam
1253 2141 1477 2193 flammam,
1507 2153 1589 2181 ozon

251 2213 353 2252 quae
373 2204 554 2241 terrestre
571 2201 679 2241 illud
695 2201 945 2242 domicilium.
964 2200 1074 2241 Iovis
1093 2200 1245 2250 deleret,
1265 2200 1333 2240 sed
1350 2212 1452 2252 quae
1469 2199 1590 2240 subli-

250 2259 359 2300 mius
377 2259 777 2312 inayiiifieeiitiusqite
796 2260 1024 2311 deposceret.
1059 2258 1149 2310 Qua
1161 2259 1264 2299 dere
1282 2259 1404 2299 etiam
1419 2257 1591 2299 inlibris
1670 2292 1673 2316 .=

251 2318 482 2359 consulatus
511 2318 577 2359 sui
607 2319 744 2359 eadem
775 2319 881 2359 dixit
909 2331 1012 2370 quae
1041 2317 1253 2358 Lueretius
1284 2316 1364 2370 (H
1378 2319 1482 2357 1101
1492 2316 1589 2370 sq.):
1619 2362 1621 2366 Α
