1673 2505
393 38 692 76 ORATIONUM.
719 40 762 74 A.
788 39 876 73 XIII
901 40 1105 84 Arg—20.
1338 41 1426 82 273

86 151 288 200 testatum,
331 150 377 188 ut
417 160 500 188 non
535 161 690 199 possem
718 148 958 201 praeterire,
1002 151 1039 188 et
1078 149 1200 199 facile
1237 148 1427 201 pcctoebar

84 206 192 248 nihil
224 219 291 246 me
325 205 477 246 addere
510 205 564 246 ad
596 206 774 247 alterius
805 205 1055 261 periculum.

172 264 211 306 5.
243 261 318 304 Sin
355 266 468 305 esset
505 264 739 306 iudicatum
777 280 863 306 non
901 264 1035 306 videri
1073 264 1212 305 virum
1245 268 1426 320 venisse,

85 337 213 378 quom
244 322 326 363 iste
358 322 548 363 venisset
581 357 587 363 .
621 357 627 364 .
662 357 670 365 .

49 395 64 420 5
172 381 210 422 6.
248 379 309 422 Ut
346 381 420 422 illo
452 395 473 422 e
511 381 666 423 iudicio
704 385 927 436 tamquam
962 396 984 423 e
1020 382 1248 437 naufragio
1286 381 1425 423 nudus

84 439 268 481 emersit.
331 439 413 491 (Ost
447 440 582 491 Quint.
622 441 744 481 VIII
768 444 806 482 3.
839 441 924 494 81.)

172 499 208 539 7.
243 498 379 549 Quint.
413 498 451 540 V
470 502 533 540 10.
560 502 681 551 91sq.
714 499 892 552 Infinita
921 503 979 541 cst
1008 513 1145 541 rerum
1177 502 1426 552 comparatio

86 581 134 587 ——-
170 570 218 598 ex
252 557 437 608 faciliore
474 558 518 598 in
550 556 738 599 Clodium
775 562 813 599 et
843 557 1082 600 Curionem:
1126 559 1188 600 Ac
1218 559 1332 611 vide,
1371 574 1426 600 an

82 615 207 657 facile
239 615 330 656 fieri
363 617 410 656 tu
442 616 633 670 potueris
644 651 654 670 7
688 631 783 658 cum
815 617 852 657 is
883 616 1023 658 factus
1055 632 1141 658 non
1174 617 1247 672 sit,
1279 618 1346 659 cui
1378 621 1425 659 tu

32 687 64 713 10
84 674 344 716 concessisti.

171 733 208 775 8.
241 731 408 787 Syriam
442 733 524 773 sibi
556 748 634 774 nos
668 736 789 775 extra
821 734 1013 775 ordinem
1044 735 1250 789 polliceri.

170 792 208 832 9.
241 791 523 833 creditoribus
557 792 644 833 suis
678 807 798 847 spem
831 795 1049 834 ostentare
1087 794 1330 848 provinciae
1368 795 1425 836 vi-

84 850 263 892 deretur.

174 910 238 951 10.
259 910 434 965 Augent
457 924 660 965 magnum
683 910 894 964 quendam
915 911 1132 952 cumulum
1154 912 1263 953 aeris
1285 913 1425 955 alieni.

30 980 62 1005 15
173 970 238 1010 11.
269 967 487 1024 Ingemuit
521 969 693 1023 gravius
726 969 919 1010 timidior
952 970 1124 1023 quidam
1157 971 1354 1013 creditor.

173 1027 238 1069 12.
270 1026 508 1068 Confirmat
540 1042 584 1068 se
617 1028 802 1069 comitiis
835 1029 1132 1069 consularibus
1164 1029 1326 1071 Romae
1361 1030 1425 1071 fu-

81 1088 239 1127 turum.

174 1145 238 1186 13.
271 1144 410 1186 Tanto
438 1144 555 1199 prius
583 1145 636 1186 ad
663 1146 876 1187 aerarium
907 1146 1038 1199 venit,
1070 1149 1118 1187 ut
1149 1146 1210 1187 ibi
1241 1161 1293 1188 ne
1327 1148 1426 1189 scri-

0 1255 1 1260 1
82 1204 181 1245 bam
214 1204 384 1258 quidem
418 1218 676 1258 quemquam
709 1204 952 1246 offenderet.

0 1266 1 1272 ’
30 1274 63 1299 20
174 1263 238 1303 14.
272 1263 408 1315 Quint.
440 1263 513 1304 IX
539 1265 580 1304 2.
605 1267 660 1305 96
694 1263 878 1304 Tertium
907 1267 966 1305 est
990 1277 1117 1317 yemcs
1150 1262 1427 1318 (εἰρωνείας),

81 1322 127 1363 in
162 1335 239 1374 quo
274 1322 362 1363 sola
398 1322 542 1363 melius
578 1323 736 1364 dicendi
764 1323 922 1375 petitur
965 1324 1116 1364 occasio
1125 1336 1137 1372 ;
1183 1323 1346 1375 ideoque
1385 1324 1430 1365 id

82 1379 217 1423 Cicero
259 1394 341 1422 non
382 1384 509 1434 putat
549 1394 630 1422 esse
670 1382 853 1434 positum
901 1382 946 1422 in
995 1382 1252 1423 contentione.
1329 1382 1428 1423 Tale

44 1469 47 1479 ,
81 1442 139 1486 est
166 1439 282 1489 illud,
313 1453 390 1492 quo
420 1441 527 1481 idem
556 1441 688 1481 utitur
711 1441 758 1481 in
784 1439 998 1482 Clodimn:
1031 1439 1194 1489 Quibus
1226 1440 1320 1493 iste,
1355 1441 1427 1495 qui

83 1498 226 1539 omnia
253 1498 461 1539 sacrificia
486 1501 646 1552 nosset.
676 1498 803 1540 facile
831 1499 884 1539 ab
912 1513 956 1539 se
984 1499 1084 1540 deos
1110 1499 1273 1553 placari
1300 1514 1427 1553 posse

31 1568 63 1594 25
84 1557 388 1598 arbitrabatur.

174 1617 238 1658 15.
271 1615 379 1657 Cum
411 1631 456 1657 se
489 1616 542 1657 ad
572 1616 744 1670 plebem
775 1616 960 1657 transire
994 1617 1104 1657 velle
1138 1616 1314 1671 diceret,
1353 1617 1427 1658 sed

83 1675 235 1716 misere
266 1675 424 1716 fretum
456 1676 644 1716 transire
677 1677 862 1730 cuperet.

174 1735 238 1775 16.
268 1733 392 1775 Hanc
424 1734 647 1788 loquacem
681 1732 871 1776 Siciliam
903 1749 990 1776 non
1022 1734 1226 1788 despexit.

174 1794 238 1835 17.
270 1792 557 1834 Accesserunt
587 1793 650 1834 ita
680 1793 824 1848 pauci,
855 1795 903 1834 ut
936 1807 1030 1834 eum
1063 1807 1150 1834 non
1182 1793 1235 1833 ad
1268 1793 1424 1834 contio-

30 1862 197 1905 30110111,
229 1851 302 1893 sed
335 1866 541 1907 sponsum
574 1852 733 1893 diceres
767 1852 1009 1893 advocasse.

173 1911 237 1953 18.
269 1911 388 1952 cuius
421 1910 726 1952 satisdationes
760 1925 928 1965 semper
960 1911 1158 1952 dicuntur
1189 1909 1343 1952 induci.

173 1970 237 2012 19.
268 1970 467 2026 intellego
502 1985 630 2024 quam
661 1970 707 2010 in
739 1970 961 2011 absentem
995 1984 1086 2011 esse
1120 1969 1307 2011 dicenda.

169 2029 237 2071 20.
261 2028 456 2070 Primum
481 2029 611 2070 homo
646 2029 774 2070 durus
805 2044 853 2070 ac
878 2029 1044 2083 priscus
1070 2028 1264 2070 invectus
1291 2030 1357 2069 est
1382 2028 1428 2069 in

82 2101 166 2141 eOS‚
199 2087 272 2142 qui
297 2102 442 2129 mense
469 2088 613 2142 Aprili
639 2088 752 2142 apud
777 2086 906 2129 Baias
934 2090 1076 2129 essent
1108 2089 1151 2128 et
1176 2087 1298 2141 aquis
1328 2087 1427 2129 cali-

29 2156 61 2182 35
83 2146 146 2187 dis
165 2148 399 2188 uterentur.
434 2145 545 2195 Quid
565 2162 660 2188 011111
680 2147 761 2188 hoc
780 2146 953 2188 homine
972 2146 1097 2188 nobis
1117 2148 1208 2187 tam
1234 2146 1352 2187 tristi
1379 2161 1425 2187 ac
1459 2194 1464 2199 Ἴ

82 2206 257 2246 severo?
290 2204 390 2246 Non
409 2208 591 2260 possunt
605 2205 651 2246 hi
671 2220 811 2246 mores
830 2205 943 2246 ferre
961 2205 1074 2247 hunc
1094 2208 1185 2246 tam
1207 2207 1425 2246 austerum

81 2270 123 2304 et
154 2266 246 2305 tam
277 2264 575 2306 vehementem
607 2264 879 2320 magistrum,
910 2279 986 2319 per
1019 2279 1144 2319 quem
1178 2263 1426 2305 hominibus

151 2338 222 2365 010,
241 2339 294 2364 1v.
315 2339 339 2364 3.
1168 2336 1209 2367 18
