1663 2490
183 33 237 74 76
694 34 759 68 DE
786 33 984 69 OFFICHS

181 142 279 195 bus,
316 142 514 183 ludorum
551 142 912 196 venationumque
951 145 1161 197 apparatu
1191 142 1392 197 pecunias
1423 157 1518 197 pro-

180 200 364 242 fundunt
400 201 446 242 in
483 215 554 242 eas
593 215 681 255 res,
725 215 904 254 quarum
943 201 1193 242 memoriam
1230 204 1305 242 aut
1345 201 1517 243 brevem

112 269 155 301 56
182 262 257 300 aut
282 260 447 300 nullam
474 259 646 300 omnino
679 259 766 300 sint
790 259 1001 313 relicturi,
1026 259 1227 301 liberales
1259 263 1414 314 autem,
1446 261 1518 314 qui

183 318 270 359 suis
302 318 583 360 facultatibus
625 321 700 359 aut
736 321 884 372 captos
924 333 949 359 a
985 318 1272 372 praedonibus
1304 318 1519 359 redimunt

183 380 258 418 aut
289 392 360 418 aes
393 377 580 418 alienum
614 377 852 431 suscipiunt
884 377 1118 418 amicorum
1151 380 1225 418 aut
1256 377 1300 418 in
1330 377 1517 418 filiarum
1555 389 1571 414 5

181 436 464 478 collocatione
497 435 702 477 adiuvant
733 439 807 476 aut
839 435 1108 490 opitulantur
1139 436 1184 477 in
1215 451 1260 477 re
1291 436 1360 478 vel
1393 451 1518 490 quae-

111 500 184 543 (56)
212 495 343 536 renda
374 495 442 536 vel
475 493 681 548 augenda.
742 494 893 548 Itaque
925 494 1068 549 miror,
1112 494 1213 549 quid
1250 495 1295 536 in
1332 498 1519 536 mentem

182 554 347 594 venerit
390 553 691 607 Theophrasto
736 553 780 594 in
824 568 873 595 eo
917 553 1047 607 libro,
1096 568 1221 607 quem
1265 553 1315 594 de
1358 553 1518 595 divitiis

182 612 374 667 scripsit3
417 612 462 653 in
501 627 583 666 quo
624 612 762 653 multa
799 612 1034 667 praeclare,
1072 612 1179 653 illud
1211 612 1409 654 absurde:
1455 615 1520 653 est

182 671 295 712 enim
327 671 489 712 multus
516 671 559 711 in
586 671 799 712 laudanda
825 671 1145 726 magnificentia
1170 673 1213 712 et
1239 671 1518 725 apparatione
1541 684 1572 707 10
1634 691 1638 704 ι

182 729 456 784 popularium
482 744 705 771 munerum
731 730 968 783 taliumque
995 733 1243 784 sumptuum
1268 729 1519 771 facultatem

180 788 368 830 fructum
413 789 660 829 divitiarum
698 791 835 843 putat.
902 788 1009 830 Mihi
1052 792 1195 830 autem
1239 788 1313 829 ille
1355 788 1518 831 fructus

183 848 478 901 liberalitatis,
523 847 640 889 cuius
685 862 821 902 pauca
865 848 1059 902 exempla
1104 847 1244 902 posui,
1294 848 1431 889 multo
1477 851 1520 889 et

182 906 319 948 maior
351 906 518 948 videtur
550 909 593 947 et
624 907 791 948 certior.
852 906 1021 955 Quanto
1053 907 1311 948 Aristoteles
1345 907 1518 962 gravius
1630 952 1632 954 v

182 969 225 1007 et
257 965 397 1007 verius
428 980 507 1006 nos
534 965 822 1020 reprehendit!
850 966 922 1020 qui
948 965 1026 1006 has
1053 966 1325 1020 pecuniarum
1352 966 1517 1007 effusio·
1540 977 1572 1002 15
1630 1007 1634 1011 ,,

180 1039 256 1066 nes
293 1039 380 1066 non
418 1024 688 1077 admiremur,
725 1039 834 1079 quae
871 1025 980 1065 fiunt
1017 1025 1071 1066 ad
1103 1025 1421 1066 multitudinem
1453 1024 1520 1066 de·

182 1084 426 1125 liniendam.
493 1084 570 1124 Ait
609 1084 738 1136 enim,
771 1083 876 1138 ‘qui
915 1084 975 1125 ab
1014 1083 1160 1124 hoste
1205 1083 1518 1138 obsidentur,

182 1143 224 1183 si
269 1157 431 1184 emere
477 1157 635 1196 aquae
685 1142 966 1184 sextarium
1011 1145 1318 1197 cogerentur
1368 1142 1518 1196 mina,

182 1202 275 1243 hoc
306 1201 469 1256 primo
502 1201 811 1243 incredibile
843 1202 992 1242 nobis
1025 1201 1206 1255 videri,
1244 1216 1517 1255 omnesque

182 1260 376 1310 mirari,
414 1260 499 1301 sed
538 1275 646 1302 cum
684 1260 1021 1314 attenderint,
1066 1261 1262 1301 veniam
1298 1261 1571 1301 necessi-2⁰

181 1319 281 1360 tati
314 1319 447 1373 dare,
486 1319 536 1360 in
573 1319 651 1361 his
689 1319 982 1361 inmanibus
1020 1319 1236 1360 iacturis
1268 1318 1517 1360 infinitis-

182 1393 274 1432 que
319 1378 608 1433 sumptibus
652 1378 784 1419 nihil
833 1392 922 1419 nos
973 1392 1279 1433 magnopere
1324 1378 1517 1432 mirari,

182 1452 291 1479 cum
324 1437 632 1492 praesertim
663 1452 823 1491 neque
848 1437 1155 1478 necessitati
1182 1436 1517 1478 subveniatur

180 1511 270 1538 nec
301 1496 530 1551 dignitas
563 1498 812 1550 augeatur
844 1495 1061 1551 ipsaque
1099 1496 1195 1537 illa
1233 1496 1515 1537 delectatio

182 1555 536 1596 multitudinis
597 1555 655 1596 ad
712 1555 863 1596 breve
926 1555 1261 1609 exiguumque
1317 1558 1514 1609 tempus
1536 1565 1569 1591 25
1620 1587 1624 1608 x

180 1616 380 1668 capiatur,
412 1629 570 1669 eaque
603 1629 628 1656 a
660 1614 939 1655 levissumo
973 1628 1186 1668 quoque,
1224 1613 1275 1655 in
1313 1628 1407 1668 quo
1440 1616 1516 1654 ta-

182 1688 290 1714 men
321 1673 436 1728 ipso
475 1688 572 1714 una
610 1688 716 1714 cum
755 1673 1001 1714 satietate
1039 1673 1281 1714 memoria
1320 1687 1515 1727 quoque

112 1740 155 1772 57
182 1732 432 1773 moriatur
469 1731 788 1786 voluptatis.'
850 1731 965 1772 Bene
1004 1731 1133 1773 etiam
1172 1731 1340 1786 colligit
1373 1731 1515 1773 ‘haec

180 1791 352 1846 pueris
398 1794 448 1832 et
488 1791 809 1832 mulierculis
861 1794 909 1832 et
953 1791 1117 1832 servis
1162 1793 1210 1831 et
1255 1804 1515 1831 servorum
1618 1832 1619 1844 χ

182 1850 467 1891 simillimis
505 1849 688 1890 liberis
727 1864 836 1891 esse
875 1852 1043 1905 grata,
1088 1849 1234 1905 gravi
1271 1863 1389 1890 vero
1427 1849 1570 1890 ho-so
1616 1845 1619 1890 ξ
1660 1896 1661 1904 ¹

180 1909 301 1950 mini
340 1912 391 1950 et
428 1924 501 1959 ea,
546 1924 671 1963 quae
708 1909 859 1962 fiunt,
904 1908 1092 1950 iudicio
1139 1911 1281 1949 certo
1329 1908 1516 1962 ponde-

180 1968 318 2009 ranti
362 1968 572 2022 probari
615 1982 768 2022 posse
812 1968 956 2008 nullo
1001 1966 1172 2008 modo.'
1247 1966 1515 2021 Quamquam

178 2026 385 2081 intellego
436 2026 481 2067 in
529 2029 679 2068 nostra
727 2026 901 2068 civitate
950 2026 1212 2067 inveterasse
1261 2025 1347 2067 iam
1392 2025 1514 2067 bonis

178 2085 463 2140 temporibus,
501 2088 549 2126 ut
584 2085 786 2140 splendor
818 2085 1085 2127 aedilitatum
1118 2085 1171 2125 ab
1205 2084 1380 2139 optimis
1412 2084 1514 2126 viris
1623 2123 1625 2141 ἶ

177 2144 433 2199 postuletur.
494 2143 646 2198 Itaque
678 2147 721 2185 et
752 2144 796 2186 P.
829 2143 1008 2186 Crassus
1041 2159 1135 2185 cum
1168 2144 1422 2198 cognomine
1454 2142 1514 2184 di·
1535 2152 1569 2179 ³⁵
1623 2166 1652 2196 '-

178 2218 262 2257 ves,
294 2207 387 2244 tum
419 2204 552 2257 copiis
584 2204 755 2244 functus
788 2206 853 2244 est
885 2202 1078 2244 aedilicio
1112 2202 1298 2244 maximo
1331 2216 1516 2256 munere,
1648 2197 1653 2206 V

178 2265 220 2303 et
250 2262 380 2317 paulo
412 2266 512 2317 post
543 2261 589 2303 L.
610 2261 790 2304 Crassus
822 2276 918 2303 cum
950 2261 1141 2302 omnium
1174 2261 1395 2303 hominum
1427 2275 1514 2302 mo-
