1673 2505
331 95 514 130 FACETE
540 94 799 131 DICTORUM.
826 93 868 129 G.
895 94 918 128 b
937 99 1086 130 38—50.
1302 95 1386 136 349

135 205 204 246 43.
235 202 347 245 Plut.
379 202 458 245 Cic.
484 206 542 245 26
573 205 828 244 Νεανίσκου
860 200 912 243 δέ
937 217 1057 251 τινος
1089 203 1234 242 αἰτίαν
1267 204 1384 255 ἔχον-

48 285 121 319 τος
152 268 200 310 ἐν
231 268 471 309 πλακοῦντι
504 264 741 322 φάρμακον
771 267 831 324 τῷ
857 264 985 320 πατρὶ
1014 265 1254 308 δεδωκέναι
1277 270 1387 320 θρα-

49 331 297 386 συνομένου
323 330 395 373 καὶ
421 330 640 385 λέγοντος,
672 329 739 373 ὅτι
764 328 1016 385 λοιδορήσει
1043 328 1121 372 τὸν
1142 330 1387 384 Κικέρωνα,

50 395 239 449 (Τοῦτοζ
261 397 359 450 ἔφη,
382 392 512 451 (παρὰ
535 397 618 438 σοῦ
637 393 853 450 βούλομαι
873 396 1043 450 μᾶλλον
1062 391 1089 449 ἢ
1109 395 1387 437 πλακοῦντα.’

12 478 29 503 5
137 466 206 506 44.
243 465 353 507 Plut.
386 465 466 509 Cic.
490 469 549 508 26
579 468 784 508 Ποπλίου
821 463 870 508 δὲ
902 467 1099 519 Σηστίου
1137 463 1388 521 συνήγορον

46 529 126 586 μὲν
165 527 303 571 αὐτὸν
345 532 393 572 ἔν
431 546 519 572 τινι
558 531 658 586 δίκῃ
697 528 1030 584 παραλαβόντος
1068 527 1169 584 μεθ’
1213 529 1388 585 ἑτέρων,

48 593 186 638 αὐτοῦ
220 594 269 637 δὲ
293 594 436 638 πάντα
463 595 740 649 βουλομένου
764 595 907 649 λέγειν
933 594 1005 637 καὶ
1032 595 1188 650 μηδενὶ
1214 596 1388 652 παριέν-

46 676 120 710 τος
151 661 304 714 εἰπεῖν,
337 657 396 710 ὦς
428 661 562 714 δῆλος
593 652 650 714 ἦν
676 656 914 714 ἀφιέμενος
938 656 1024 701 ὑπὸ
1053 662 1141 702 τῶν
1171 662 1390 703 δικαστῶν

47 723 132 779 ἤδη
164 726 240 778 τῆς
272 722 427 779 ψήφου
459 724 725 779 φερομένης,
760 724 879 777 ‘X9a3
916 722 1139 779 σήμερονύ
1172 728 1276 781 ἔφη,
1316 727 1390 785 “τς5

0 800 29 824 ¹0
48 790 207 846 καιρῷ,
240 786 422 843 Σήστιε·
454 789 623 844 μέλλεις
654 787 739 843 γὰρ
772 786 932 844 αὔριον
965 788 1143 844 ἰδιώτης
1175 788 1315 834 εἷναι.’

135 860 204 902 45.
248 859 361 901 Plut.
400 857 481 901 Cic,
516 862 574 901 26
610 856 814 900 Πόπλιον
859 857 907 902 δὲ
944 858 1164 903 Κώνσταν
1207 860 1393 917 νομικὸν

48 921 162 966 εἶναι
189 921 480 978 βουλόμενον,
514 921 621 965 ὅντα
648 920 688 965 δ’
718 920 872 978 ἀμαθῆ
898 923 971 966 καὶ
998 922 1135 980 ἀφυῆ,
1161 925 1271 980 πρός
1294 944 1394 970 τινα

49 990 177 1044 δίκην
205 986 380 1030 ἐκάλεσε
407 986 619 1042 μάρτυρα.
668 989 758 1029 Τοῦ
785 986 833 1030 δὲ
853 989 991 1043 μηδὲν
1015 990 1179 1033 εἰδέναι
1200 991 1393 1046 φάσκον-

47 1070 122 1103 τος
148 1050 314 1107 ‘'Iomg’,
341 1055 440 1108 ἔφη,
468 1053 627 1102 (δοκεῖς
653 1051 750 1108 περὶ
776 1055 865 1095 τῶν
890 1057 1088 1108 νομικῶν
1115 1057 1393 1111 έρωτᾶσθαι.’

0 1144 30 1189 ¹15
136 1132 204 1173 46.
232 1131 342 1172 Plut.
370 1130 449 1173 Cic.
474 1133 532 1172 26
556 1129 786 1171 Μετέλλου
812 1128 861 1172 δὲ
886 1130 1096 1181 Νέπωτος
1125 1133 1172 1174 έν
1199 1135 1393 1189 διαφορᾷ

0 1196 1 1204 ’
49 1211 135 1237 τινι
161 1192 370 1244 πολλάκις
395 1194 622 1248 λέγοντος
628 1195 722 1244 Τίς
748 1196 832 1237 σοῦ
857 1194 999 1251 πατήρ
1027 1197 1182 1248 ἐστιν;’
1216 1195 1239 1240 ὁ
1266 1200 1395 1241 Κικέ-

50 1276 141 1316 ρων
169 1257 271 1301 Σοὶ
296 1256 461 1313 ταύτην
487 1257 568 1314 τὴν
602 1257 867 1315 απόκρισιν’,
900 1262 999 1315 ε’φη,
1033 1258 1074 1315 (ἡ
1101 1260 1244 1317 μήτηρ
1274 1268 1394 1318 χαλε-

50 1324 249 1379 πωτέραν
277 1324 508 1378 ἐποίησενῖ
549 1321 718 1367 Ἐδόκει
744 1322 784 1367 δ’
809 1322 1050 1376 ἀκόλαστος
1069 1323 1096 1380 ἡ
1118 1325 1260 1382 μήτηρ
1282 1333 1395 1371 εἰναι

48 1390 128 1432 τοῦ
162 1389 392 1442 Νέπωτος,
426 1386 560 1439 αυτὸς
593 1389 644 1431 δέ
671 1406 736 1439 τις
767 1387 1073 1445 εὐμετάβολος.

15 1474 32 1500 ο
139 1461 207 1501 47.
240 1459 352 1501 Plut.
384 1459 463 1502 Cic.
495 1463 555 1503 26
585 1462 680 1501 Καί
708 1474 811 1502 ποτε
842 1458 923 1515 τὴν
963 1463 1212 1517 δημαρχίαν
1245 1460 1396 1506 ἀπολι-

50 1524 146 1569 πών
172 1523 302 1580 ἄφνω
329 1522 438 1579 πρὸς
458 1523 696 1579 Πομπήϊον
723 1525 977 1576 ἐξέπλευσεν
1004 1528 1066 1577 είς
1091 1530 1282 1582 Συρίαν,
1315 1525 1392 1571 εἶτ’

52 1591 223 1633 ἐκεῖθεν
257 1590 508 1644 ἐπανῆλθεν
541 1587 832 1645 ἀλογώτερον.
894 1589 1048 1642 Θάψας
1086 1589 1134 1634 δὲ
1170 1594 1397 1648 Φίλαγρον

51 1653 130 1697 τὸν
149 1652 411 1709 καθηγητὴν
432 1655 761 1709 ἐπιμελέστερον
783 1655 1017 1710 ἐπέστησεν
1038 1653 1177 1698 αὐτοῦ
1196 1658 1256 1715 τῷ
1270 1655 1396 1715 ταφῳ

51 1718 218 1775 κόρακα
232 1722 424 1761 λίθινον.
448 1717 537 1761 Καὶ
553 1716 575 1761 ὁ
591 1719 794 1775 Κικέρων
810 1717 993 1774 ςΤοῦτ”,
1009 1722 1107 1776 ἔφη,
1124 1720 1398 1776 εσοφώτερον

11 1797 34 1822 ²5
55 1786 279 1839 ἐποίησας·
311 1785 521 1827 πέτεσθαι
552 1782 636 1840 γάρ
670 1796 717 1826 σε
743 1786 912 1838 μᾶλλον
938 1780 965 1839 ’ἢ
998 1784 1142 1839 λέγειν
1170 1786 1398 1838 ἐδίδαξεν.’

141 1858 209 1899 48.
247 1856 359 1899 Plut.
397 1855 476 1899 Cic.
508 1859 567 1898 26
585 1869 644 1897 ex.
674 1851 789 1897 Ἐπεὶ
828 1852 877 1897 δὲ
916 1853 1103 1910 Μάρκος
1128 1853 1314 1908 ’Ἀππιος
1351 1859 1398 1899 ἔν

52 1938 140 1963 τινι
166 1922 264 1977 δίκῃ
292 1918 686 1975 προοιμιαζόμενος
712 1916 803 1961 εἶπε
830 1921 963 1973 φίλον
989 1916 1128 1962 αὑτοῦ
1157 1922 1398 1975 δεδεῆσθαι

52 1994 293 2042 παρασχεῖν
320 1986 569 2040 ἐπιμέλειαν
600 1983 673 2026 καὶ
704 1982 939 2038 λογιότητα
969 1983 1042 2025 καὶ
1070 1987 1233 2040 πιστιν,
1266 1982 1395 2028 ‘Em'

55 2048 229 2104 οὕτως’,
257 2052 355 2106 ε’φη,
383 2051 610 2105 σιδηροῦς
634 2049 820 2104 γέγονας
845 2046 1097 2105 ἄνθρωπος,
1124 2047 1234 2092 ώστε
1260 2048 1399 2105 μηδεν

19 2127 35 2152 ⁰
55 2115 101 2157 ἐκ
130 2113 356 2158 τοσούτων
392 2115 456 2158 ὢν
487 2112 679 2172 ᾐτήσατο
713 2111 736 2156 ὁ
769 2116 898 2169 φίλος
930 2115 1208 2170 παρασχεῖν;’

141 2186 210 2228 49.
253 2186 365 2228 Plut.
405 2185 485 2229 Cic.
521 2188 581 2228 27
618 2182 809 2240 Μαρκον
849 2181 1070 2227 Ἀκυίνιον
1115 2186 1270 2239 ε’χοντα
1315 2183 1398 2227 δύο

52 2247 281 2306 γαμβροὺς
312 2249 516 2305 φυγάδας
547 2247 830 2305 “Ἁδραστον’
863 2247 1019 2292 ε’καλει.

142 2315 210 2357 50.
235 2314 346 2357 Plut.
370 2315 449 2358 Cic.
469 2318 528 2358 27
554 2317 747 2357 Λευκίου
773 2312 822 2356 δὲ
848 2312 996 2356 Κόττα
1020 2312 1250 2368 τιμητικὴν
1277 2315 1398 2368 ε”χον-
