<?xml version="1.0" encoding="UTF-8"?>
<!DOCTYPE html PUBLIC "-//W3C//DTD XHTML 1.0 Transitional//EN"
    "http://www.w3.org/TR/xhtml1/DTD/xhtml1-transitional.dtd">
<html xmlns="http://www.w3.org/1999/xhtml" xml:lang="en" lang="en">
 <head>
  <title>
</title>
<meta http-equiv="Content-Type" content="text/html;charset=utf-8" />
  <meta name='ocr-system' content='tesseract 3.04.00' />
  <meta name='ocr-capabilities' content='ocr_page ocr_carea ocr_par ocr_line ocrx_word'/>
</head>
<body>
  <div class='ocr_page' id='page_1' title='image "./p3scriptaquaemanse04ciceuoft_0163.png"; bbox 0 0 1663 2490; ppageno 0'>
   <div class='ocr_carea' id='block_1_1' title="bbox 420 53 1441 98">
    <p class='ocr_par' dir='ltr' id='par_1_1' title="bbox 420 53 1441 98">
     <span class='ocr_line' id='line_1_1' title="bbox 420 53 1441 98; baseline 0.001 -9"><span class='ocrx_word' id='word_1_1' title='bbox 420 55 507 91; x_wconf 88' lang='lat' dir='ltr'><strong>LIB.</strong></span> <span class='ocrx_word' id='word_1_2' title='bbox 535 56 596 90; x_wconf 86' lang='lat'>111.</span> <span class='ocrx_word' id='word_1_3' title='bbox 648 55 748 90; x_wconf 87' lang='lat' dir='ltr'>CAP.</span> <span class='ocrx_word' id='word_1_4' title='bbox 776 59 877 91; x_wconf 81' lang='lat'><strong>3—5.</strong></span> <span class='ocrx_word' id='word_1_5' title='bbox 928 59 948 98; x_wconf 67' lang='grc' dir='ltr'>ς</span> <span class='ocrx_word' id='word_1_6' title='bbox 976 59 1121 90; x_wconf 75' lang='lat'>15—21.</span> <span class='ocrx_word' id='word_1_7' title='bbox 1384 53 1441 95; x_wconf 79' lang='lat'>95</span> 
     </span>
    </p>
   </div>
   <div class='ocr_carea' id='block_1_2' title="bbox 39 161 1444 2335">
    <p class='ocr_par' dir='ltr' id='par_1_2' title="bbox 102 161 1440 277">
     <span class='ocr_line' id='line_1_2' title="bbox 102 161 1440 218; baseline -0.001 -14"><span class='ocrx_word' id='word_1_8' title='bbox 102 163 272 205; x_wconf 84' lang='lat' dir='ltr'>‘solere&#39;</span> <span class='ocrx_word' id='word_1_9' title='bbox 298 163 436 217; x_wconf 88' lang='lat' dir='ltr'>modo,</span> <span class='ocrx_word' id='word_1_10' title='bbox 461 177 547 205; x_wconf 88' lang='lat' dir='ltr'>non</span> <span class='ocrx_word' id='word_1_11' title='bbox 573 163 702 204; x_wconf 89' lang='lat' dir='ltr'>etiam</span> <span class='ocrx_word' id='word_1_12' title='bbox 730 162 971 218; x_wconf 78' lang='lat' dir='ltr'>‘oportere&#39;.</span> <span class='ocrx_word' id='word_1_13' title='bbox 1014 162 1188 204; x_wconf 78' lang='lat' dir='ltr'>Etenim</span> <span class='ocrx_word' id='word_1_14' title='bbox 1207 175 1293 203; x_wconf 90' lang='lat' dir='ltr'>non</span> <span class='ocrx_word' id='word_1_15' title='bbox 1313 161 1440 203; x_wconf 88' lang='lat' dir='ltr'>modo</span> 
     </span>
     <span class='ocr_line' id='line_1_3' title="bbox 102 220 1440 277; baseline -0.001 -14"><span class='ocrx_word' id='word_1_16' title='bbox 102 222 238 277; x_wconf 88' lang='lat' dir='ltr'>pluris</span> <span class='ocrx_word' id='word_1_17' title='bbox 269 225 439 276; x_wconf 88' lang='lat' dir='ltr'>putare,</span> <span class='ocrx_word' id='word_1_18' title='bbox 477 222 589 275; x_wconf 89' lang='lat' dir='ltr'>quod</span> <span class='ocrx_word' id='word_1_19' title='bbox 620 223 725 263; x_wconf 89' lang='lat' dir='ltr'>utile</span> <span class='ocrx_word' id='word_1_20' title='bbox 757 222 970 276; x_wconf 88' lang='lat' dir='ltr'>videatur,</span> <span class='ocrx_word' id='word_1_21' title='bbox 1009 235 1136 276; x_wconf 87' lang='lat' dir='ltr'>quam</span> <span class='ocrx_word' id='word_1_22' title='bbox 1170 220 1282 275; x_wconf 90' lang='lat' dir='ltr'>quod</span> <span class='ocrx_word' id='word_1_23' title='bbox 1314 220 1440 262; x_wconf 85' lang='lat' dir='ltr'>hone-</span> 
     </span>
    </p>

    <p class='ocr_par' dir='ltr' id='par_1_3' title="bbox 42 279 1440 394">
     <span class='ocr_line' id='line_1_4' title="bbox 42 279 1440 334; baseline -0.002 -12"><span class='ocrx_word' id='word_1_24' title='bbox 42 286 45 288; x_wconf 83' lang='lat'>&#39;</span> <span class='ocrx_word' id='word_1_25' title='bbox 103 284 216 322; x_wconf 92' lang='lat' dir='ltr'>stum</span> <span class='ocrx_word' id='word_1_26' title='bbox 248 281 316 334; x_wconf 91' lang='lat' dir='ltr'>sit,</span> <span class='ocrx_word' id='word_1_27' title='bbox 348 280 421 321; x_wconf 86' lang='lat' dir='ltr'>sed</span> <span class='ocrx_word' id='word_1_28' title='bbox 453 281 583 321; x_wconf 86' lang='lat' dir='ltr'>etiam</span> <span class='ocrx_word' id='word_1_29' title='bbox 615 280 719 323; x_wconf 85' lang='lat' dir='ltr'>haec</span> <span class='ocrx_word' id='word_1_30' title='bbox 751 281 863 322; x_wconf 87' lang='lat' dir='ltr'>inter</span> <span class='ocrx_word' id='word_1_31' title='bbox 888 295 933 322; x_wconf 90' lang='lat' dir='ltr'>se</span> <span class='ocrx_word' id='word_1_32' title='bbox 959 294 1209 334; x_wconf 82' lang='lat' dir='ltr'>comparare</span> <span class='ocrx_word' id='word_1_33' title='bbox 1237 282 1279 320; x_wconf 89' lang='lat' dir='ltr'>et</span> <span class='ocrx_word' id='word_1_34' title='bbox 1305 279 1348 319; x_wconf 92' lang='lat' dir='ltr'>in</span> <span class='ocrx_word' id='word_1_35' title='bbox 1374 279 1440 320; x_wconf 88' lang='lat' dir='ltr'>his</span> 
     </span>
     <span class='ocr_line' id='line_1_5' title="bbox 103 339 794 394; baseline -0.001 -13"><span class='ocrx_word' id='word_1_36' title='bbox 103 339 355 381; x_wconf 75' lang='lat' dir='ltr'><strong>addubitare</strong></span> <span class='ocrx_word' id='word_1_37' title='bbox 387 339 685 394; x_wconf 86' lang='lat' dir='ltr'>turpissimum</span> <span class='ocrx_word' id='word_1_38' title='bbox 718 341 794 380; x_wconf 85' lang='lat' dir='ltr'>est.</span> 
     </span>
    </p>

    <p class='ocr_par' dir='ltr' id='par_1_4' title="bbox 67 396 1442 629">
     <span class='ocr_line' id='line_1_6' title="bbox 67 396 1439 453; baseline 0.001 -18"><span class='ocrx_word' id='word_1_39' title='bbox 67 410 83 435; x_wconf 83' lang='lat'><strong>5</strong></span> <span class='ocrx_word' id='word_1_40' title='bbox 190 396 300 446; x_wconf 83' lang='lat' dir='ltr'><strong>Quid</strong></span> <span class='ocrx_word' id='word_1_41' title='bbox 331 411 434 453; x_wconf 83' lang='lat' dir='ltr'>ergo</span> <span class='ocrx_word' id='word_1_42' title='bbox 467 401 550 451; x_wconf 90' lang='lat' dir='ltr'>est,</span> <span class='ocrx_word' id='word_1_43' title='bbox 587 397 701 451; x_wconf 87' lang='lat' dir='ltr'>quod</span> <span class='ocrx_word' id='word_1_44' title='bbox 737 412 822 439; x_wconf 92' lang='lat' dir='ltr'>non</span> <span class='ocrx_word' id='word_1_45' title='bbox 854 412 1087 452; x_wconf 84' lang='lat' dir='ltr'><strong>numquam</strong></span> <span class='ocrx_word' id='word_1_46' title='bbox 1127 396 1439 438; x_wconf 73' lang='lat' dir='ltr'>dubitationem</span> 
     </span>
     <span class='ocr_line' id='line_1_7' title="bbox 103 454 1442 511; baseline -0.001 -13"><span class='ocrx_word' id='word_1_47' title='bbox 103 455 268 498; x_wconf 86' lang='lat' dir='ltr'>adferre</span> <span class='ocrx_word' id='word_1_48' title='bbox 301 456 440 497; x_wconf 83' lang='lat' dir='ltr'>soleat</span> <span class='ocrx_word' id='word_1_49' title='bbox 471 457 908 511; x_wconf 85' lang='lat' dir='ltr'>considerandumque</span> <span class='ocrx_word' id='word_1_50' title='bbox 940 455 1165 497; x_wconf 74' lang='lat' dir='ltr'>videatur?</span> <span class='ocrx_word' id='word_1_51' title='bbox 1221 454 1370 508; x_wconf 81' lang='lat' dir='ltr'>Credo,</span> <span class='ocrx_word' id='word_1_52' title='bbox 1406 455 1442 496; x_wconf 90' lang='lat' dir='ltr'>si</span> 
     </span>
     <span class='ocr_line' id='line_1_8' title="bbox 103 514 1441 570; baseline -0.001 -14"><span class='ocrx_word' id='word_1_53' title='bbox 103 515 271 570; x_wconf 90' lang='lat' dir='ltr'>quando</span> <span class='ocrx_word' id='word_1_54' title='bbox 305 515 517 556; x_wconf 84' lang='lat' dir='ltr'>dubitatio</span> <span class='ocrx_word' id='word_1_55' title='bbox 551 516 724 569; x_wconf 87' lang='lat' dir='ltr'>accidit,</span> <span class='ocrx_word' id='word_1_56' title='bbox 763 516 888 570; x_wconf 88' lang='lat' dir='ltr'>quale</span> <span class='ocrx_word' id='word_1_57' title='bbox 921 515 978 556; x_wconf 91' lang='lat' dir='ltr'>sit</span> <span class='ocrx_word' id='word_1_58' title='bbox 1008 515 1069 569; x_wconf 88' lang='lat' dir='ltr'>id,</span> <span class='ocrx_word' id='word_1_59' title='bbox 1107 514 1157 556; x_wconf 92' lang='lat' dir='ltr'>de</span> <span class='ocrx_word' id='word_1_60' title='bbox 1190 529 1273 568; x_wconf 91' lang='lat' dir='ltr'>quo</span> <span class='ocrx_word' id='word_1_61' title='bbox 1307 514 1441 555; x_wconf 87' lang='lat' dir='ltr'>consi-</span> 
     </span>
     <span class='ocr_line' id='line_1_9' title="bbox 102 572 1441 629; baseline -0.001 -14"><span class='ocrx_word' id='word_1_62' title='bbox 102 575 283 615; x_wconf 81' lang='lat' dir='ltr'>deretur.</span> <span class='ocrx_word' id='word_1_63' title='bbox 320 572 455 628; x_wconf 82' lang='lat' dir='ltr'>Saepe</span> <span class='ocrx_word' id='word_1_64' title='bbox 475 574 587 615; x_wconf 89' lang='lat' dir='ltr'>enim</span> <span class='ocrx_word' id='word_1_65' title='bbox 608 577 800 629; x_wconf 78' lang='lat' dir='ltr'>tempore</span> <span class='ocrx_word' id='word_1_66' title='bbox 821 575 883 628; x_wconf 86' lang='lat' dir='ltr'>fit,</span> <span class='ocrx_word' id='word_1_67' title='bbox 902 577 961 628; x_wconf 83' lang='lat' dir='ltr'>ut,</span> <span class='ocrx_word' id='word_1_68' title='bbox 982 573 1095 626; x_wconf 90' lang='lat' dir='ltr'>quod</span> <span class='ocrx_word' id='word_1_69' title='bbox 1114 575 1238 628; x_wconf 89' lang='lat' dir='ltr'>turpe</span> <span class='ocrx_word' id='word_1_70' title='bbox 1258 573 1441 628; x_wconf 87' lang='lat' dir='ltr'>plerum-</span> 
     </span>
    </p>

    <p class='ocr_par' dir='ltr' id='par_1_5' title="bbox 68 631 1442 688">
     <span class='ocr_line' id='line_1_10' title="bbox 68 631 1442 688; baseline -0.001 -14"><span class='ocrx_word' id='word_1_71' title='bbox 68 644 73 648; x_wconf 83' lang='lat'><strong>·</strong></span> <span class='ocrx_word' id='word_1_72' title='bbox 102 647 183 688; x_wconf 93' lang='lat' dir='ltr'>que</span> <span class='ocrx_word' id='word_1_73' title='bbox 214 632 365 674; x_wconf 87' lang='lat' dir='ltr'>haberi</span> <span class='ocrx_word' id='word_1_74' title='bbox 397 633 546 686; x_wconf 81' lang='lat' dir='ltr'>soleat,</span> <span class='ocrx_word' id='word_1_75' title='bbox 579 633 823 674; x_wconf 84' lang='lat' dir='ltr'>inveniatur</span> <span class='ocrx_word' id='word_1_76' title='bbox 853 647 939 674; x_wconf 90' lang='lat' dir='ltr'>non</span> <span class='ocrx_word' id='word_1_77' title='bbox 965 647 1057 674; x_wconf 89' lang='lat' dir='ltr'>esse</span> <span class='ocrx_word' id='word_1_78' title='bbox 1082 635 1225 687; x_wconf 83' lang='lat' dir='ltr'>turpe3</span> <span class='ocrx_word' id='word_1_79' title='bbox 1257 631 1442 686; x_wconf 85' lang='lat' dir='ltr'>exempli</span> 
     </span>
    </p>

    <p class='ocr_par' dir='ltr' id='par_1_6' title="bbox 50 690 1444 982">
     <span class='ocr_line' id='line_1_11' title="bbox 50 690 1442 746; baseline -0.001 -13"><span class='ocrx_word' id='word_1_80' title='bbox 50 704 82 729; x_wconf 88' lang='lat'>10</span> <span class='ocrx_word' id='word_1_81' title='bbox 101 705 230 734; x_wconf 88' lang='lat' dir='ltr'>causa</span> <span class='ocrx_word' id='word_1_82' title='bbox 256 694 441 746; x_wconf 88' lang='lat' dir='ltr'>ponatur</span> <span class='ocrx_word' id='word_1_83' title='bbox 467 692 641 746; x_wconf 89' lang='lat' dir='ltr'>aliquid,</span> <span class='ocrx_word' id='word_1_84' title='bbox 668 692 780 746; x_wconf 90' lang='lat' dir='ltr'>quod</span> <span class='ocrx_word' id='word_1_85' title='bbox 805 694 954 746; x_wconf 88' lang='lat' dir='ltr'>pateat</span> <span class='ocrx_word' id='word_1_86' title='bbox 979 691 1127 732; x_wconf 89' lang='lat' dir='ltr'>latius:</span> <span class='ocrx_word' id='word_1_87' title='bbox 1154 690 1275 740; x_wconf 86' lang='lat' dir='ltr'>Quod</span> <span class='ocrx_word' id='word_1_88' title='bbox 1297 693 1442 745; x_wconf 87' lang='lat' dir='ltr'>potest</span> 
     </span>
     <span class='ocr_line' id='line_1_12' title="bbox 102 749 1441 805; baseline -0.001 -14"><span class='ocrx_word' id='word_1_89' title='bbox 102 750 239 792; x_wconf 90' lang='lat' dir='ltr'>maius</span> <span class='ocrx_word' id='word_1_90' title='bbox 261 765 352 791; x_wconf 89' lang='lat' dir='ltr'>esse</span> <span class='ocrx_word' id='word_1_91' title='bbox 373 751 510 792; x_wconf 88' lang='lat' dir='ltr'>scelus</span> <span class='ocrx_word' id='word_1_92' title='bbox 538 765 665 805; x_wconf 87' lang='lat' dir='ltr'>quam</span> <span class='ocrx_word' id='word_1_93' title='bbox 690 765 776 792; x_wconf 89' lang='lat' dir='ltr'>non</span> <span class='ocrx_word' id='word_1_94' title='bbox 803 751 928 792; x_wconf 87' lang='lat' dir='ltr'>modo</span> <span class='ocrx_word' id='word_1_95' title='bbox 955 750 1184 804; x_wconf 88' lang='lat' dir='ltr'>hominem,</span> <span class='ocrx_word' id='word_1_96' title='bbox 1211 749 1284 790; x_wconf 91' lang='lat' dir='ltr'>sed</span> <span class='ocrx_word' id='word_1_97' title='bbox 1311 749 1441 790; x_wconf 87' lang='lat' dir='ltr'>etiam</span> 
     </span>
     <span class='ocr_line' id='line_1_13' title="bbox 100 808 1444 864; baseline -0.001 -14"><span class='ocrx_word' id='word_1_98' title='bbox 100 809 358 851; x_wconf 87' lang='lat' dir='ltr'>familiarem</span> <span class='ocrx_word' id='word_1_99' title='bbox 379 809 597 851; x_wconf 87' lang='lat' dir='ltr'>hominem</span> <span class='ocrx_word' id='word_1_100' title='bbox 618 809 836 851; x_wconf 72' lang='lat' dir='ltr'>occidere?</span> <span class='ocrx_word' id='word_1_101' title='bbox 880 808 996 850; x_wconf 92' lang='lat' dir='ltr'>Num</span> <span class='ocrx_word' id='word_1_102' title='bbox 1021 809 1155 864; x_wconf 83' lang='lat' dir='ltr'>igitur</span> <span class='ocrx_word' id='word_1_103' title='bbox 1176 823 1219 850; x_wconf 91' lang='lat' dir='ltr'>se</span> <span class='ocrx_word' id='word_1_104' title='bbox 1241 809 1444 849; x_wconf 83' lang='lat' dir='ltr'>astrinxit</span> 
     </span>
     <span class='ocr_line' id='line_1_14' title="bbox 102 867 1443 922; baseline -0.001 -13"><span class='ocrx_word' id='word_1_105' title='bbox 102 868 272 922; x_wconf 88' lang='lat' dir='ltr'>scelere,</span> <span class='ocrx_word' id='word_1_106' title='bbox 305 868 342 909; x_wconf 92' lang='lat' dir='ltr'>si</span> <span class='ocrx_word' id='word_1_107' title='bbox 374 868 446 922; x_wconf 90' lang='lat' dir='ltr'>qui</span> <span class='ocrx_word' id='word_1_108' title='bbox 478 871 709 922; x_wconf 88' lang='lat' dir='ltr'>tyrannum</span> <span class='ocrx_word' id='word_1_109' title='bbox 742 868 896 910; x_wconf 91' lang='lat' dir='ltr'>occidit</span> <span class='ocrx_word' id='word_1_110' title='bbox 928 868 1123 922; x_wconf 88' lang='lat' dir='ltr'>quamvis</span> <span class='ocrx_word' id='word_1_111' title='bbox 1153 867 1443 909; x_wconf 74' lang='lat' dir='ltr'>familiarem?</span> 
     </span>
     <span class='ocr_line' id='line_1_15' title="bbox 101 926 1443 982; baseline -0.001 -14"><span class='ocrx_word' id='word_1_112' title='bbox 101 926 267 982; x_wconf 92' lang='lat' dir='ltr'>Populo</span> <span class='ocrx_word' id='word_1_113' title='bbox 301 927 471 981; x_wconf 87' lang='lat' dir='ltr'>quidem</span> <span class='ocrx_word' id='word_1_114' title='bbox 501 927 696 969; x_wconf 86' lang='lat' dir='ltr'>Romano</span> <span class='ocrx_word' id='word_1_115' title='bbox 727 941 813 968; x_wconf 89' lang='lat' dir='ltr'>non</span> <span class='ocrx_word' id='word_1_116' title='bbox 844 927 1025 981; x_wconf 85' lang='lat' dir='ltr'>videtur,</span> <span class='ocrx_word' id='word_1_117' title='bbox 1057 927 1129 980; x_wconf 90' lang='lat' dir='ltr'>qui</span> <span class='ocrx_word' id='word_1_118' title='bbox 1161 941 1211 967; x_wconf 88' lang='lat' dir='ltr'>ex</span> <span class='ocrx_word' id='word_1_119' title='bbox 1243 926 1443 967; x_wconf 88' lang='lat' dir='ltr'>omnibus</span> 
     </span>
    </p>

    <p class='ocr_par' dir='ltr' id='par_1_7' title="bbox 50 984 1443 1157">
     <span class='ocr_line' id='line_1_16' title="bbox 50 984 1443 1040; baseline 0.001 -17"><span class='ocrx_word' id='word_1_120' title='bbox 50 997 82 1023; x_wconf 89' lang='lat'>15</span> <span class='ocrx_word' id='word_1_121' title='bbox 101 985 334 1040; x_wconf 88' lang='lat' dir='ltr'>praeclaris</span> <span class='ocrx_word' id='word_1_122' title='bbox 366 985 492 1026; x_wconf 88' lang='lat' dir='ltr'>factis</span> <span class='ocrx_word' id='word_1_123' title='bbox 530 986 638 1027; x_wconf 88' lang='lat' dir='ltr'>illud</span> <span class='ocrx_word' id='word_1_124' title='bbox 669 986 1004 1040; x_wconf 86' lang='lat' dir='ltr'>pulcherrimum</span> <span class='ocrx_word' id='word_1_125' title='bbox 1036 985 1266 1026; x_wconf 86' lang='lat' dir='ltr'>existimat.</span> <span class='ocrx_word' id='word_1_126' title='bbox 1326 984 1443 1026; x_wconf 86' lang='lat' dir='ltr'>Vicit</span> 
     </span>
     <span class='ocr_line' id='line_1_17' title="bbox 102 1043 1443 1099; baseline -0.001 -13"><span class='ocrx_word' id='word_1_127' title='bbox 102 1058 205 1099; x_wconf 87' lang='lat' dir='ltr'>ergo</span> <span class='ocrx_word' id='word_1_128' title='bbox 238 1044 404 1085; x_wconf 87' lang='lat' dir='ltr'>utilitas</span> <span class='ocrx_word' id='word_1_129' title='bbox 438 1044 738 1086; x_wconf 74' lang='lat' dir='ltr'>honestatem?</span> <span class='ocrx_word' id='word_1_130' title='bbox 788 1043 926 1085; x_wconf 86' lang='lat' dir='ltr'>Immo</span> <span class='ocrx_word' id='word_1_131' title='bbox 958 1058 1060 1085; x_wconf 85' lang='lat' dir='ltr'>vero</span> <span class='ocrx_word' id='word_1_132' title='bbox 1092 1044 1297 1085; x_wconf 90' lang='lat' dir='ltr'>honestas</span> <span class='ocrx_word' id='word_1_133' title='bbox 1329 1044 1443 1084; x_wconf 90' lang='lat' dir='ltr'>utili-</span> 
     </span>
     <span class='ocr_line' id='line_1_18' title="bbox 101 1102 1008 1157; baseline 0 -13"><span class='ocrx_word' id='word_1_134' title='bbox 101 1105 256 1157; x_wconf 69' lang='lat' dir='ltr'>tatem,</span> <span class='ocrx_word' id='word_1_135' title='bbox 286 1102 532 1145; x_wconf 73' lang='lat' dir='ltr'>honestatem</span> <span class='ocrx_word' id='word_1_136' title='bbox 561 1104 722 1145; x_wconf 72' lang='lat' dir='ltr'>utilitas</span> <span class='ocrx_word' id='word_1_137' title='bbox 754 1107 901 1144; x_wconf 87' lang='lat' dir='ltr'>secuta</span> <span class='ocrx_word' id='word_1_138' title='bbox 932 1106 1008 1144; x_wconf 90' lang='lat' dir='ltr'>est.</span> 
     </span>
    </p>

    <p class='ocr_par' dir='ltr' id='par_1_8' title="bbox 101 1161 1442 1275">
     <span class='ocr_line' id='line_1_19' title="bbox 190 1161 1442 1216; baseline -0.001 -13"><span class='ocrx_word' id='word_1_139' title='bbox 190 1161 353 1216; x_wconf 90' lang='lat' dir='ltr'>Itaque,</span> <span class='ocrx_word' id='word_1_140' title='bbox 387 1166 434 1202; x_wconf 87' lang='lat' dir='ltr'>ut</span> <span class='ocrx_word' id='word_1_141' title='bbox 465 1161 556 1203; x_wconf 89' lang='lat' dir='ltr'>sine</span> <span class='ocrx_word' id='word_1_142' title='bbox 587 1162 677 1203; x_wconf 93' lang='lat' dir='ltr'>ullo</span> <span class='ocrx_word' id='word_1_143' title='bbox 710 1175 852 1203; x_wconf 87' lang='lat' dir='ltr'>errore</span> <span class='ocrx_word' id='word_1_144' title='bbox 884 1161 1114 1203; x_wconf 87' lang='lat' dir='ltr'>diiudicare</span> <span class='ocrx_word' id='word_1_145' title='bbox 1146 1161 1374 1216; x_wconf 87' lang='lat' dir='ltr'>possimus,</span> <span class='ocrx_word' id='word_1_146' title='bbox 1407 1161 1442 1202; x_wconf 91' lang='lat' dir='ltr'>si</span> 
     </span>
     <span class='ocr_line' id='line_1_20' title="bbox 101 1220 1442 1275; baseline -0.001 -14"><span class='ocrx_word' id='word_1_147' title='bbox 101 1220 271 1275; x_wconf 89' lang='lat' dir='ltr'>quando</span> <span class='ocrx_word' id='word_1_148' title='bbox 292 1235 385 1262; x_wconf 89' lang='lat' dir='ltr'>cum</span> <span class='ocrx_word' id='word_1_149' title='bbox 407 1221 496 1275; x_wconf 91' lang='lat' dir='ltr'>illo,</span> <span class='ocrx_word' id='word_1_150' title='bbox 523 1221 636 1275; x_wconf 90' lang='lat' dir='ltr'>quod</span> <span class='ocrx_word' id='word_1_151' title='bbox 662 1221 890 1262; x_wconf 88' lang='lat' dir='ltr'>honestum</span> <span class='ocrx_word' id='word_1_152' title='bbox 915 1220 1223 1275; x_wconf 83' lang='lat' dir='ltr'>intellegimus,</span> <span class='ocrx_word' id='word_1_153' title='bbox 1249 1234 1442 1275; x_wconf 84' lang='lat' dir='ltr'>pugnare</span> 
     </span>
    </p>

    <p class='ocr_par' dir='ltr' id='par_1_9' title="bbox 48 1278 1441 1570">
     <span class='ocr_line' id='line_1_21' title="bbox 48 1278 1441 1334; baseline 0.001 -15"><span class='ocrx_word' id='word_1_154' title='bbox 48 1291 82 1317; x_wconf 84' lang='lat'>20</span> <span class='ocrx_word' id='word_1_155' title='bbox 100 1279 144 1321; x_wconf 91' lang='lat' dir='ltr'>id</span> <span class='ocrx_word' id='word_1_156' title='bbox 174 1279 400 1332; x_wconf 89' lang='lat' dir='ltr'>videbitur,</span> <span class='ocrx_word' id='word_1_157' title='bbox 432 1280 545 1334; x_wconf 89' lang='lat' dir='ltr'>quod</span> <span class='ocrx_word' id='word_1_158' title='bbox 577 1280 845 1334; x_wconf 87' lang='lat' dir='ltr'>appellamus</span> <span class='ocrx_word' id='word_1_159' title='bbox 877 1280 996 1334; x_wconf 91' lang='lat' dir='ltr'>utile,</span> <span class='ocrx_word' id='word_1_160' title='bbox 1026 1278 1213 1321; x_wconf 87' lang='lat' dir='ltr'>formula</span> <span class='ocrx_word' id='word_1_161' title='bbox 1234 1279 1441 1333; x_wconf 89' lang='lat' dir='ltr'>quaedam</span> 
     </span>
     <span class='ocr_line' id='line_1_22' title="bbox 103 1338 1441 1393; baseline -0.001 -13"><span class='ocrx_word' id='word_1_162' title='bbox 103 1338 402 1380; x_wconf 86' lang='lat' dir='ltr'>constituenda</span> <span class='ocrx_word' id='word_1_163' title='bbox 434 1341 517 1392; x_wconf 82' lang='lat' dir='ltr'>est3</span> <span class='ocrx_word' id='word_1_164' title='bbox 555 1353 683 1393; x_wconf 91' lang='lat' dir='ltr'>quam</span> <span class='ocrx_word' id='word_1_165' title='bbox 721 1338 758 1379; x_wconf 91' lang='lat' dir='ltr'>si</span> <span class='ocrx_word' id='word_1_166' title='bbox 790 1353 1015 1393; x_wconf 86' lang='lat' dir='ltr'>sequemur</span> <span class='ocrx_word' id='word_1_167' title='bbox 1045 1338 1090 1379; x_wconf 89' lang='lat' dir='ltr'>in</span> <span class='ocrx_word' id='word_1_168' title='bbox 1122 1338 1441 1393; x_wconf 86' lang='lat' dir='ltr'>comparatione</span> 
     </span>
     <span class='ocr_line' id='line_1_23' title="bbox 100 1396 1441 1452; baseline 0 -14"><span class='ocrx_word' id='word_1_169' title='bbox 100 1411 260 1450; x_wconf 86' lang='lat' dir='ltr'>rerum,</span> <span class='ocrx_word' id='word_1_170' title='bbox 301 1397 355 1438; x_wconf 88' lang='lat' dir='ltr'>ab</span> <span class='ocrx_word' id='word_1_171' title='bbox 396 1397 536 1439; x_wconf 84' lang='lat' dir='ltr'>officio</span> <span class='ocrx_word' id='word_1_172' title='bbox 574 1412 808 1452; x_wconf 87' lang='lat' dir='ltr'>numquam</span> <span class='ocrx_word' id='word_1_173' title='bbox 846 1397 1102 1439; x_wconf 87' lang='lat' dir='ltr'>recedemus.</span> <span class='ocrx_word' id='word_1_174' title='bbox 1162 1396 1260 1438; x_wconf 88' lang='lat' dir='ltr'>Erit</span> <span class='ocrx_word' id='word_1_175' title='bbox 1299 1399 1441 1438; x_wconf 89' lang='lat' dir='ltr'>autem</span> 
     </span>
     <span class='ocr_line' id='line_1_24' title="bbox 100 1454 1441 1511; baseline -0.001 -13"><span class='ocrx_word' id='word_1_176' title='bbox 100 1456 205 1498; x_wconf 88' lang='lat' dir='ltr'>haec</span> <span class='ocrx_word' id='word_1_177' title='bbox 229 1455 417 1497; x_wconf 84' lang='lat' dir='ltr'>formula</span> <span class='ocrx_word' id='word_1_178' title='bbox 436 1454 678 1498; x_wconf 82' lang='lat' dir='ltr'>Stoicorum</span> <span class='ocrx_word' id='word_1_179' title='bbox 703 1456 862 1498; x_wconf 86' lang='lat' dir='ltr'>rationi</span> <span class='ocrx_word' id='word_1_180' title='bbox 891 1456 1226 1511; x_wconf 85' lang='lat' dir='ltr'>disciplinaeque</span> <span class='ocrx_word' id='word_1_181' title='bbox 1258 1456 1441 1497; x_wconf 87' lang='lat' dir='ltr'>maxime</span> 
     </span>
     <span class='ocr_line' id='line_1_25' title="bbox 101 1515 1441 1570; baseline 0 -14"><span class='ocrx_word' id='word_1_182' title='bbox 101 1518 404 1569; x_wconf 83' lang='lat' dir='ltr'>consentanea3</span> <span class='ocrx_word' id='word_1_183' title='bbox 436 1530 564 1569; x_wconf 87' lang='lat' dir='ltr'>quam</span> <span class='ocrx_word' id='word_1_184' title='bbox 598 1515 768 1570; x_wconf 88' lang='lat' dir='ltr'>quidem</span> <span class='ocrx_word' id='word_1_185' title='bbox 799 1515 867 1557; x_wconf 89' lang='lat' dir='ltr'>his</span> <span class='ocrx_word' id='word_1_186' title='bbox 899 1515 1023 1556; x_wconf 86' lang='lat' dir='ltr'>libris</span> <span class='ocrx_word' id='word_1_187' title='bbox 1049 1518 1279 1570; x_wconf 86' lang='lat' dir='ltr'>propterea</span> <span class='ocrx_word' id='word_1_188' title='bbox 1306 1515 1441 1569; x_wconf 89' lang='lat' dir='ltr'>sequi-</span> 
     </span>
    </p>

    <p class='ocr_par' dir='ltr' id='par_1_10' title="bbox 39 1574 1442 1864">
     <span class='ocr_line' id='line_1_26' title="bbox 39 1574 1442 1628; baseline 0.003 -18"><span class='ocrx_word' id='word_1_189' title='bbox 39 1585 82 1611; x_wconf 29' lang='lat'>125</span> <span class='ocrx_word' id='word_1_190' title='bbox 103 1589 216 1627; x_wconf 88' lang='lat' dir='ltr'>mur,</span> <span class='ocrx_word' id='word_1_191' title='bbox 255 1574 384 1628; x_wconf 89' lang='lat' dir='ltr'>quod,</span> <span class='ocrx_word' id='word_1_192' title='bbox 423 1589 682 1628; x_wconf 90' lang='lat' dir='ltr'>quamquam</span> <span class='ocrx_word' id='word_1_193' title='bbox 720 1577 764 1616; x_wconf 90' lang='lat' dir='ltr'>et</span> <span class='ocrx_word' id='word_1_194' title='bbox 796 1589 821 1616; x_wconf 90' lang='lat' dir='ltr'>a</span> <span class='ocrx_word' id='word_1_195' title='bbox 850 1574 1068 1616; x_wconf 86' lang='lat' dir='ltr'>veteribus</span> <span class='ocrx_word' id='word_1_196' title='bbox 1100 1574 1367 1615; x_wconf 81' lang='lat' dir='ltr'>Academicis</span> <span class='ocrx_word' id='word_1_197' title='bbox 1400 1582 1442 1615; x_wconf 78' lang='lat' dir='ltr'>et</span> 
     </span>
     <span class='ocr_line' id='line_1_27' title="bbox 101 1632 1439 1690; baseline -0.001 -16"><span class='ocrx_word' id='word_1_198' title='bbox 101 1648 126 1674; x_wconf 88' lang='lat' dir='ltr'>a</span> <span class='ocrx_word' id='word_1_199' title='bbox 156 1632 455 1688; x_wconf 85' lang='lat' dir='ltr'>Peripateticis</span> <span class='ocrx_word' id='word_1_200' title='bbox 488 1634 656 1687; x_wconf 87' lang='lat' dir='ltr'>vestris,</span> <span class='ocrx_word' id='word_1_201' title='bbox 695 1633 767 1690; x_wconf 86' lang='lat' dir='ltr'>qui</span> <span class='ocrx_word' id='word_1_202' title='bbox 805 1633 1020 1687; x_wconf 88' lang='lat' dir='ltr'>quondam</span> <span class='ocrx_word' id='word_1_203' title='bbox 1058 1632 1170 1673; x_wconf 88' lang='lat' dir='ltr'>idem</span> <span class='ocrx_word' id='word_1_204' title='bbox 1202 1635 1338 1687; x_wconf 88' lang='lat' dir='ltr'>erant,</span> <span class='ocrx_word' id='word_1_205' title='bbox 1370 1634 1439 1686; x_wconf 88' lang='lat' dir='ltr'>qui</span> 
     </span>
     <span class='ocr_line' id='line_1_28' title="bbox 100 1691 1441 1746; baseline 0 -14"><span class='ocrx_word' id='word_1_206' title='bbox 100 1691 356 1746; x_wconf 84' lang='lat' dir='ltr'>Academici,</span> <span class='ocrx_word' id='word_1_207' title='bbox 388 1707 497 1746; x_wconf 88' lang='lat' dir='ltr'>quae</span> <span class='ocrx_word' id='word_1_208' title='bbox 528 1692 711 1734; x_wconf 88' lang='lat' dir='ltr'>honesta</span> <span class='ocrx_word' id='word_1_209' title='bbox 742 1694 853 1744; x_wconf 91' lang='lat' dir='ltr'>sunt,</span> <span class='ocrx_word' id='word_1_210' title='bbox 886 1694 1204 1746; x_wconf 88' lang='lat' dir='ltr'>anteponuntur</span> <span class='ocrx_word' id='word_1_211' title='bbox 1235 1691 1301 1746; x_wconf 89' lang='lat' dir='ltr'>iis,</span> <span class='ocrx_word' id='word_1_212' title='bbox 1334 1706 1441 1745; x_wconf 75' lang='lat' dir='ltr'>quae</span> 
     </span>
     <span class='ocr_line' id='line_1_29' title="bbox 100 1750 1441 1806; baseline -0.001 -14"><span class='ocrx_word' id='word_1_213' title='bbox 100 1750 298 1792; x_wconf 89' lang='lat' dir='ltr'>videntur</span> <span class='ocrx_word' id='word_1_214' title='bbox 330 1750 473 1805; x_wconf 86' lang='lat' dir='ltr'>utilia,</span> <span class='ocrx_word' id='word_1_215' title='bbox 512 1753 656 1792; x_wconf 90' lang='lat' dir='ltr'>tamen</span> <span class='ocrx_word' id='word_1_216' title='bbox 694 1750 958 1806; x_wconf 90' lang='lat' dir='ltr'>splendidius</span> <span class='ocrx_word' id='word_1_217' title='bbox 997 1751 1101 1792; x_wconf 91' lang='lat' dir='ltr'>haec</span> <span class='ocrx_word' id='word_1_218' title='bbox 1134 1750 1187 1791; x_wconf 92' lang='lat' dir='ltr'>ab</span> <span class='ocrx_word' id='word_1_219' title='bbox 1221 1750 1280 1791; x_wconf 89' lang='lat' dir='ltr'>eis</span> <span class='ocrx_word' id='word_1_220' title='bbox 1314 1750 1441 1792; x_wconf 89' lang='lat' dir='ltr'>disse-</span> 
     </span>
     <span class='ocr_line' id='line_1_30' title="bbox 100 1809 1442 1864; baseline -0.001 -13"><span class='ocrx_word' id='word_1_221' title='bbox 100 1812 263 1864; x_wconf 90' lang='lat' dir='ltr'>runtur,</span> <span class='ocrx_word' id='word_1_222' title='bbox 290 1810 456 1864; x_wconf 91' lang='lat' dir='ltr'>quibus,</span> <span class='ocrx_word' id='word_1_223' title='bbox 483 1810 684 1864; x_wconf 89' lang='lat' dir='ltr'>quicquid</span> <span class='ocrx_word' id='word_1_224' title='bbox 709 1810 935 1851; x_wconf 89' lang='lat' dir='ltr'>honestum</span> <span class='ocrx_word' id='word_1_225' title='bbox 962 1812 1039 1864; x_wconf 89' lang='lat' dir='ltr'>est,</span> <span class='ocrx_word' id='word_1_226' title='bbox 1062 1809 1175 1850; x_wconf 89' lang='lat' dir='ltr'>idem</span> <span class='ocrx_word' id='word_1_227' title='bbox 1202 1809 1306 1850; x_wconf 89' lang='lat' dir='ltr'>utile</span> <span class='ocrx_word' id='word_1_228' title='bbox 1331 1809 1442 1850; x_wconf 88' lang='lat' dir='ltr'>vide-</span> 
     </span>
    </p>

    <p class='ocr_par' dir='ltr' id='par_1_11' title="bbox 49 1868 1441 2158">
     <span class='ocr_line' id='line_1_31' title="bbox 49 1868 1440 1924; baseline 0.001 -17"><span class='ocrx_word' id='word_1_229' title='bbox 49 1879 82 1906; x_wconf 77' lang='lat' dir='ltr'>so</span> <span class='ocrx_word' id='word_1_230' title='bbox 100 1871 172 1910; x_wconf 90' lang='lat' dir='ltr'>tur</span> <span class='ocrx_word' id='word_1_231' title='bbox 201 1883 277 1911; x_wconf 88' lang='lat' dir='ltr'>nec</span> <span class='ocrx_word' id='word_1_232' title='bbox 302 1869 410 1910; x_wconf 91' lang='lat' dir='ltr'>utile</span> <span class='ocrx_word' id='word_1_233' title='bbox 436 1870 675 1923; x_wconf 88' lang='lat' dir='ltr'>quicquam,</span> <span class='ocrx_word' id='word_1_234' title='bbox 708 1869 819 1924; x_wconf 88' lang='lat' dir='ltr'>quod</span> <span class='ocrx_word' id='word_1_235' title='bbox 846 1883 930 1911; x_wconf 86' lang='lat' dir='ltr'>non</span> <span class='ocrx_word' id='word_1_236' title='bbox 956 1868 1198 1922; x_wconf 91' lang='lat' dir='ltr'>honestum,</span> <span class='ocrx_word' id='word_1_237' title='bbox 1232 1883 1359 1923; x_wconf 87' lang='lat' dir='ltr'>quam</span> <span class='ocrx_word' id='word_1_238' title='bbox 1387 1869 1440 1910; x_wconf 82' lang='lat' dir='ltr'>ab</span> 
     </span>
     <span class='ocr_line' id='line_1_32' title="bbox 99 1927 1440 1982; baseline 0 -14"><span class='ocrx_word' id='word_1_239' title='bbox 99 1927 171 1981; x_wconf 89' lang='lat' dir='ltr'>iis,</span> <span class='ocrx_word' id='word_1_240' title='bbox 214 1927 368 1982; x_wconf 90' lang='lat' dir='ltr'>quibus</span> <span class='ocrx_word' id='word_1_241' title='bbox 413 1930 455 1979; x_wconf 84' lang='lat' dir='ltr'>et</span> <span class='ocrx_word' id='word_1_242' title='bbox 498 1928 728 1970; x_wconf 90' lang='lat' dir='ltr'>honestum</span> <span class='ocrx_word' id='word_1_243' title='bbox 767 1928 929 1982; x_wconf 90' lang='lat' dir='ltr'>aliquid</span> <span class='ocrx_word' id='word_1_244' title='bbox 975 1942 1061 1969; x_wconf 90' lang='lat' dir='ltr'>non</span> <span class='ocrx_word' id='word_1_245' title='bbox 1105 1927 1210 1968; x_wconf 89' lang='lat' dir='ltr'>utile</span> <span class='ocrx_word' id='word_1_246' title='bbox 1255 1930 1297 1968; x_wconf 89' lang='lat' dir='ltr'>et</span> <span class='ocrx_word' id='word_1_247' title='bbox 1334 1927 1440 1969; x_wconf 85' lang='lat' dir='ltr'>utile</span> 
     </span>
     <span class='ocr_line' id='line_1_33' title="bbox 99 1986 1441 2028; baseline -0.001 0"><span class='ocrx_word' id='word_1_248' title='bbox 99 2000 185 2028; x_wconf 89' lang='lat' dir='ltr'>non</span> <span class='ocrx_word' id='word_1_249' title='bbox 220 1986 461 2028; x_wconf 86' lang='lat' dir='ltr'>honestum.</span> <span class='ocrx_word' id='word_1_250' title='bbox 531 1986 668 2028; x_wconf 90' lang='lat' dir='ltr'>Nobis</span> <span class='ocrx_word' id='word_1_251' title='bbox 708 1990 850 2028; x_wconf 86' lang='lat' dir='ltr'>autem</span> <span class='ocrx_word' id='word_1_252' title='bbox 891 1990 1041 2028; x_wconf 86' lang='lat' dir='ltr'>nostra</span> <span class='ocrx_word' id='word_1_253' title='bbox 1078 1986 1311 2028; x_wconf 87' lang='lat' dir='ltr'>Academia</span> <span class='ocrx_word' id='word_1_254' title='bbox 1354 2001 1441 2027; x_wconf 74' lang='lat' dir='ltr'>ma·</span> 
     </span>
     <span class='ocr_line' id='line_1_34' title="bbox 101 2045 1440 2101; baseline 0 -15"><span class='ocrx_word' id='word_1_255' title='bbox 101 2058 230 2100; x_wconf 87' lang='lat' dir='ltr'>gnam</span> <span class='ocrx_word' id='word_1_256' title='bbox 256 2046 474 2088; x_wconf 87' lang='lat' dir='ltr'>licentiam</span> <span class='ocrx_word' id='word_1_257' title='bbox 501 2046 585 2099; x_wconf 87' lang='lat' dir='ltr'>dat,</span> <span class='ocrx_word' id='word_1_258' title='bbox 605 2049 665 2100; x_wconf 91' lang='lat' dir='ltr'>ut,</span> <span class='ocrx_word' id='word_1_259' title='bbox 685 2046 979 2101; x_wconf 87' lang='lat' dir='ltr'>quodcumque</span> <span class='ocrx_word' id='word_1_260' title='bbox 1006 2046 1190 2087; x_wconf 85' lang='lat' dir='ltr'>maxime</span> <span class='ocrx_word' id='word_1_261' title='bbox 1215 2045 1440 2100; x_wconf 87' lang='lat' dir='ltr'>probabile</span> 
     </span>
     <span class='ocr_line' id='line_1_35' title="bbox 100 2102 1439 2158; baseline -0.001 -12"><span class='ocrx_word' id='word_1_262' title='bbox 100 2108 312 2158; x_wconf 86' lang='lat' dir='ltr'>occurrat,</span> <span class='ocrx_word' id='word_1_263' title='bbox 353 2105 394 2145; x_wconf 87' lang='lat' dir='ltr'>id</span> <span class='ocrx_word' id='word_1_264' title='bbox 433 2107 582 2147; x_wconf 83' lang='lat' dir='ltr'>nostro</span> <span class='ocrx_word' id='word_1_265' title='bbox 620 2105 710 2146; x_wconf 88' lang='lat' dir='ltr'>iure</span> <span class='ocrx_word' id='word_1_266' title='bbox 743 2105 871 2147; x_wconf 90' lang='lat' dir='ltr'>liceat</span> <span class='ocrx_word' id='word_1_267' title='bbox 904 2105 1138 2146; x_wconf 87' lang='lat' dir='ltr'>defendere.</span> <span class='ocrx_word' id='word_1_268' title='bbox 1200 2102 1282 2145; x_wconf 86' lang='lat' dir='ltr'>Sed</span> <span class='ocrx_word' id='word_1_269' title='bbox 1313 2104 1439 2145; x_wconf 86' lang='lat' dir='ltr'>redeo</span> 
     </span>
    </p>

    <p class='ocr_par' dir='ltr' id='par_1_12' title="bbox 49 2162 1439 2335">
     <span class='ocr_line' id='line_1_36' title="bbox 49 2162 426 2205; baseline 0 -1"><span class='ocrx_word' id='word_1_270' title='bbox 49 2173 80 2199; x_wconf 72' lang='lat'>³5</span> <span class='ocrx_word' id='word_1_271' title='bbox 99 2162 153 2204; x_wconf 90' lang='lat' dir='ltr'>ad</span> <span class='ocrx_word' id='word_1_272' title='bbox 182 2163 426 2205; x_wconf 88' lang='lat' dir='ltr'>formulam.</span> 
     </span>
     <span class='ocr_line' id='line_1_37' title="bbox 186 2221 1438 2278; baseline -0.002 -14"><span class='ocrx_word' id='word_1_273' title='bbox 186 2221 423 2264; x_wconf 88' lang='lat' dir='ltr'>Detrahere</span> <span class='ocrx_word' id='word_1_274' title='bbox 448 2223 583 2278; x_wconf 84' lang='lat' dir='ltr'>igitur</span> <span class='ocrx_word' id='word_1_275' title='bbox 608 2223 733 2265; x_wconf 90' lang='lat' dir='ltr'>alteri</span> <span class='ocrx_word' id='word_1_276' title='bbox 761 2222 923 2277; x_wconf 89' lang='lat' dir='ltr'>aliquid</span> <span class='ocrx_word' id='word_1_277' title='bbox 943 2224 986 2263; x_wconf 87' lang='lat' dir='ltr'>et</span> <span class='ocrx_word' id='word_1_278' title='bbox 1011 2221 1230 2264; x_wconf 88' lang='lat' dir='ltr'>hominem</span> <span class='ocrx_word' id='word_1_279' title='bbox 1250 2222 1438 2264; x_wconf 88' lang='lat' dir='ltr'>hominis</span> 
     </span>
     <span class='ocr_line' id='line_1_38' title="bbox 98 2280 1439 2335; baseline 0.001 -14"><span class='ocrx_word' id='word_1_280' title='bbox 98 2280 367 2323; x_wconf 84' lang='lat' dir='ltr'>incommodo</span> <span class='ocrx_word' id='word_1_281' title='bbox 394 2296 517 2323; x_wconf 89' lang='lat' dir='ltr'>suum</span> <span class='ocrx_word' id='word_1_282' title='bbox 538 2282 808 2324; x_wconf 89' lang='lat' dir='ltr'>commodum</span> <span class='ocrx_word' id='word_1_283' title='bbox 837 2295 992 2335; x_wconf 84' lang='lat' dir='ltr'>augere</span> <span class='ocrx_word' id='word_1_284' title='bbox 1023 2281 1164 2334; x_wconf 84' lang='lat' dir='ltr'>magis</span> <span class='ocrx_word' id='word_1_285' title='bbox 1191 2283 1258 2322; x_wconf 86' lang='lat' dir='ltr'>est</span> <span class='ocrx_word' id='word_1_286' title='bbox 1289 2284 1439 2322; x_wconf 85' lang='lat' dir='ltr'>contra</span> 
     </span>
    </p>
   </div>
   <div class='ocr_carea' id='block_1_3' title="bbox 1470 583 1512 614">
    <p class='ocr_par' dir='ltr' id='par_1_13' title="bbox 1470 583 1512 614">
     <span class='ocr_line' id='line_1_39' title="bbox 1470 583 1512 614; baseline 0.024 -1"><span class='ocrx_word' id='word_1_287' title='bbox 1470 583 1512 614; x_wconf 84' lang='lat'>19</span> 
     </span>
    </p>
   </div>
   <div class='ocr_carea' id='block_1_4' title="bbox 1470 1407 1513 1438">
    <p class='ocr_par' dir='ltr' id='par_1_14' title="bbox 1470 1407 1513 1438">
     <span class='ocr_line' id='line_1_40' title="bbox 1470 1407 1513 1438; baseline 0 0"><span class='ocrx_word' id='word_1_288' title='bbox 1470 1407 1513 1438; x_wconf 83' lang='lat'>20</span> 
     </span>
    </p>
   </div>
   <div class='ocr_carea' id='block_1_5' title="bbox 1466 2202 1493 2242">
    <p class='ocr_par' dir='ltr' id='par_1_15' title="bbox 1466 2202 1493 2242">
     <span class='ocr_line' id='line_1_41' title="bbox 1466 2202 1493 2242; baseline 0 0"><span class='ocrx_word' id='word_1_289' title='bbox 1466 2202 1493 2242; x_wconf 84' lang='lat'>5</span> 
     </span>
    </p>
   </div>
   <div class='ocr_carea' id='block_1_6' title="bbox 1465 2254 1506 2284">
    <p class='ocr_par' dir='ltr' id='par_1_16' title="bbox 1465 2254 1506 2284">
     <span class='ocr_line' id='line_1_42' title="bbox 1465 2254 1506 2284; baseline 0 0"><span class='ocrx_word' id='word_1_290' title='bbox 1465 2254 1506 2284; x_wconf 77' lang='lat'>21</span> 
     </span>
    </p>
   </div>
  </div>
 </body>
</html>
