1673 2505
531 103 591 139 vl.
633 103 731 137 CAP.
760 108 791 146 2,
819 108 849 138 3
889 108 907 145 ς’
933 108 1082 138 46—5-2.
1394 104 1478 145 213

144 211 284 266 signa,
322 210 512 263 tabulas,
552 210 864 264 supellectilem
902 212 945 251 et
981 211 1144 250 vestem
1182 210 1349 250 infinite
1386 225 1483 251 6011-

143 268 377 322 cupiscenti
400 282 487 308 non
513 267 640 309 modo
667 268 720 308 ad
747 270 965 322 sumptum
996 267 1070 308 ille
1103 270 1169 308 est
1199 267 1376 320 fruetus,
1410 268 1479 308 sed

143 326 273 367 etiam
317 325 370 366 ad
412 326 561 366 faenus
606 325 795 381 exiguus.
870 325 935 366 Ex
979 340 1073 367 meo
1117 325 1236 366 tenui
1279 325 1481 378 vectigali

143 383 347 425 detractis
386 383 629 437 sumptibus
668 383 915 437 cupiditatis
960 383 1122 437 aliquid
1165 383 1295 424 etiam
1333 383 1481 424 redun-

108 455 122 477 :·›
144 442 273 483 dabit.
324 440 433 483 Uter
457 441 592 496 igitur
617 444 683 483 est
712 442 897 496 divitior,
928 442 994 483 eui
1027 442 1146 482 deest
1177 456 1232 482 an
1263 441 1330 483 6111
1360 455 1481 495 supe-

93 746 123 769 10

93 1036 124 1060 15

92 1328 106 1351 ¹2
109 1330 124 1351 0

92 1618 125 1642 25

142 500 240 542 rat?
279 500 353 554 qui
390 502 488 555 eget
526 515 580 540 an
617 500 690 554 qui
728 500 946 541 abundat?
987 500 1105 542 6111118
1143 499 1358 553 possessio
1398 514 1480 553 quo

143 561 209 600 est
239 558 394 611 maior,
432 572 482 599 eo
514 558 611 612 plus
643 558 824 611 requirit
857 558 909 599 ad
941 572 985 600 se
1022 558 1243 612 tuendam,
1282 572 1336 599 an
1374 572 1481 612 quae

144 617 230 658 suis
264 631 308 657 se
339 615 503 657 viribus
537 616 750 657 sustinet?
800 615 881 657 Sed
912 616 1013 671 quid
1040 630 1119 669 ego
1146 616 1196 658 de
1222 631 1290 657 me
1316 616 1482 670 loquor,
1509 627 1553 657 50

144 675 217 729 qui
248 688 417 716 morum
448 689 497 715 ae
529 677 772 729 temporum
803 675 909 716 vitio
942 675 1211 729 aliquantum
1237 675 1367 716 etiam
1391 674 1484 728 ipse

142 733 329 774 fortasse
359 732 405 773 in
435 731 562 774 huius
595 733 754 774 saeculi
786 747 928 774 errore
959 733 1131 774 verser?
1180 733 1248 774 M’.
1279 732 1483 774 Manilius

143 794 316 846 patrum
347 794 596 832 nostrorum
629 791 846 845 memoria,
877 806 930 832 ne
963 806 1129 846 semper
1155 790 1307 833 Curios
1337 794 1379 832 et
1404 790 1483 832 Lu-

144 850 285 892 seinos
323 849 568 903 loquamur,
612 865 774 904 pauper
813 849 987 891 tandem
1023 849 1135 891 fuit?
1178 850 1332 891 habuit
1371 850 1484 890 enim

145 908 358 950 aediculas
389 908 435 949 in
466 906 634 950 Carinis
667 911 708 948 et
739 908 917 949 fundum
949 908 993 949 in
1025 908 1263 961 Labican03
1294 922 1372 950 nos
1405 908 1483 962 igi-

144 970 216 1008 tur
247 966 486 1020 divitiores,
528 966 600 1020 qui
631 967 756 1020 plura
788 966 1024 1008 habemus?
1085 965 1263 1008 Utinam
1297 966 1482 1021 quidem!

145 1024 218 1066 sed
248 1038 335 1066 non
367 1024 668 1065 aestimatione
700 1039 862 1077 66118118,
894 1039 1042 1066 verum
1067 1024 1183 1066 victu
1209 1027 1338 1079 atque
1366 1025 1484 1066 cultu

144 1082 400 1124 terminatur
419 1082 623 1136 pecuniae
643 1082 805 1123 modus.
848 1081 949 1123 Non
969 1097 1060 1124 esse
1081 1083 1280 1137 cupidum
1306 1082 1486 1137 pecunia
1511 1093 1551 1123 51

145 1144 227 1194 est,
264 1155 352 1182 non
388 1155 480 1182 esse
519 1155 705 1182 emacem
743 1141 930 1196 vectigal
972 1144 1054 1193 est3
1098 1143 1346 1182 contentum
1386 1155 1485 1182 vero

145 1200 232 1241 suis
265 1199 392 1240 rebus
425 1213 517 1240 esse
548 1199 760 1240 maximae
792 1203 892 1240 sunt
925 1199 1274 1253 certissimaeque
1301 1199 1485 1240 divitiae.

144 1257 318 1299 Etenim
362 1258 399 1299 si
442 1257 517 1298 isti
560 1257 705 1299 callidi
748 1272 890 1299 rerum
935 1259 1232 1299 aestimatores
1276 1260 1402 1312 prata
1444 1261 1487 1298 et

146 1330 266 1358 areas
299 1315 507 1370 quasdam
538 1329 697 1371 magno
730 1316 972 1370 aestimant,
1005 1316 1118 1371 quod
1150 1317 1188 1357 ei
1221 1316 1365 1372 generi
1392 1330 1486 1370 pos-

146 1375 385 1416 sessionum
429 1374 604 1415 minime
650 1375 771 1428 quasi
815 1376 959 1416 noceri
1010 1377 1175 1429 potest,
1226 1375 1376 1429 quanti
1421 1378 1486 1415 est

146 1433 414 1475 aestimanda
443 1433 599 1486 virtus,
637 1447 745 1486 quae
781 1447 858 1475 1166
897 1434 1003 1488 eripi
1034 1448 1112 1475 1166
1144 1433 1310 1488 subripi
1341 1435 1486 1488 potest

144 1505 281 1546 neque
320 1491 548 1546 naufragio
591 1506 726 1546 neque
769 1491 965 1533 incendio
1010 1492 1225 1533 amittitur
1267 1506 1345 1533 nee
1383 1495 1486 1532 tem-

144 1551 363 1605 pestatum
398 1563 477 1591 1166
513 1552 756 1604 temporum
793 1550 1118 1604 perturbatione
1150 1552 1359 1591 mutatur!
1402 1565 1522 1604 qua..

145 1608 330 1663 praediti
356 1607 430 1662 qui
455 1610 566 1662 sunt,
593 1608 674 1649 soli
701 1611 800 1649 sunt
821 1608 992 1663 divites3
1018 1609 1101 1650 soli
1126 1609 1240 1650 enim
1264 1609 1486 1663 possident
1512 1619 1556 1651 52

145 1681 212 1708 res
239 1668 282 1707 et
306 1666 549 1708 fructuosas
576 1670 619 1707 et
645 1666 927 1721 sempiternas
954 1667 1130 1722 solique,
1163 1667 1276 1721 quod
1302 1670 1368 1708 est
1391 1682 1486 1722 pro—

145 1724 287 1779 prium
320 1724 580 1778 divitiarum⁷
611 1725 801 1766 contenti
833 1727 932 1766 sunt
963 1725 1090 1766 rebus
1123 1726 1222 1779 suis,
1255 1725 1361 1766 satis
1394 1740 1485 1767 esse

145 1785 314 1838 putant,
345 1783 458 1837 quod
490 1785 568 1837 est,
599 1783 706 1824 nihil
738 1784 957 1838 adpetunt,
988 1784 1107 1825 nulla
1134 1799 1179 1825 re
1206 1787 1346 1839 egent,
1376 1784 1485 1825 nihil

147 1841 229 1882 sibi
260 1841 405 1882 deesse
435 1842 638 1895 sentiunt,
668 1842 778 1882 nihil
804 1843 1044 1897 requirunt3
1076 1842 1247 1897 inprobi
1273 1845 1417 1884 autem
1443 1846 1486 1884 et

146 1900 277 1954 avari,
309 1900 512 1954 quoniam
542 1901 728 1943 incertas
761 1903 890 1955 atque
920 1901 965 1942 in
997 1916 1097 1943 casu
1129 1901 1294 1955 positas
1320 1915 1486 1956 posses—

147 1958 287 1999 siones
323 1958 485 2000 habent
522 1959 699 2013 etf‘plus
741 1973 908 2014 semper
952 1960 1176 2014 adpetunt,
1218 1974 1296 2001 1166
1339 1974 1485 2001 eorum

147 2016 372 2071 quisquam
398 2017 535 2059 adhue
559 2017 758 2059 inventus
783 2020 860 2071 est,
886 2018 997 2072 quoi,
1024 2018 1136 2072 quod
1155 2018 1346 2071 haberet,
1373 2022 1485 2059 esset

147 2075 263 2127 satis,
294 2090 379 2116 non
412 2076 538 2118 modo
570 2091 657 2118 non
688 2076 851 2131 copiosi
884 2092 931 2118 ao
965 2076 1130 2130 divites,
1162 2076 1236 2118 sed
1268 2077 1398 2118 etiam
1425 2077 1484 2118 111-

146 2147 247 2187 opes
280 2148 328 2175 ae
359 2149 569 2189 pauperes
602 2135 875 2176 existimandi
908 2140 1007 2176 sunt
