1663 2490
191 85 273 126 128
712 84 776 118 DE
803 83 1002 119 OFFIGIIS

187 192 349 234 nostris
382 195 457 234 aut
487 192 655 234 vincere
688 194 763 233 aut
787 191 934 232 emori.
993 190 1087 240 Qua
1112 191 1283 245 quidem
1309 205 1356 232 re
1380 191 1528 234 audita

187 251 373 293 fractum
406 251 597 292 animum
615 249 872 292 Hannibalis
900 249 1050 291 scribit
1068 249 1193 305 idem,
1219 249 1333 304 quod
1353 252 1526 292 senatus

188 310 458 365 populusque
476 309 697 351 Romanus
726 308 854 349 rebus
881 307 1052 350 afflictis
1077 311 1168 350 tam
1189 309 1354 350 excelso
1382 309 1526 350 animo

188 368 354 410 fuisset.
399 367 468 409 Sic
492 368 734 409 honestatis
760 367 1081 421 comparatione
1108 381 1169 421 ea,
1195 381 1303 421 quae
1329 367 1528 409 videntur

121 438 186 469 115
206 427 343 481 utilia,
368 427 608 469 vincuntur.
646 424 690 468 C.
711 425 877 467 Acilius
897 429 1053 480 autem,
1074 425 1148 480 qui
1168 424 1329 468 Graece
1355 426 1529 481 scripsit
1565 437 1582 463 5

189 486 428 538 historiam,
459 485 604 540 plures
637 485 699 526 ait
728 483 872 538 fuisse,
905 484 977 538 qui
1007 484 1053 525 in
1083 487 1225 526 castra
1249 484 1530 526 revertissent

190 545 337 586 eadem
369 543 539 597 fraude,
569 545 619 585 ut
649 543 740 584 iure
770 542 949 584 iurando
981 543 1285 597 liberarentur,
1316 557 1473 597 eosque
1505 558 1530 585 a

189 602 437 645 censoribus
472 602 670 643 omnibus
695 601 944 656 ignominiis
970 604 1156 643 notatos.
1200 599 1266 643 Sit
1290 601 1377 643 iam
1402 601 1529 643 huius

190 662 274 703 loci
299 661 409 702 finis.
452 660 731 715 Perspicuum
757 662 823 701 est
849 660 962 701 enim
982 674 1043 715 ea,
1073 674 1181 714 quae
1200 659 1352 702 timido
1373 661 1529 714 animo,

189 719 361 774 humili,
400 719 583 761 demisso
615 719 837 772 fractoque
866 719 992 773 fiant,
1033 719 1159 773 quale
1188 718 1342 760 fuisset
1373 718 1531 774 Reguli
1551 731 1584 756 10

189 779 365 832 factum,
397 779 434 819 si
466 780 542 820 aut
574 777 624 819 de
656 777 857 832 captivis,
894 777 1007 832 quod
1037 777 1122 832 ipsi
1153 791 1260 832 opus
1293 791 1386 819 esse
1419 777 1531 819 vide-

190 840 321 891 retur,
352 851 439 883 non
471 836 584 891 quod
615 836 677 878 rei
707 836 918 891 publicae,
949 836 1187 878 censuisset
1218 838 1292 877 aut
1324 835 1439 878 domi
1470 850 1532 877 re-

191 910 363 937 manere
393 895 614 949 voluisset,
645 909 733 936 non
765 908 857 936 esse
888 894 1025 949 utilia,
1058 895 1158 949 quia
1190 895 1277 936 sint
1301 894 1532 950 flagitiosa,

190 955 328 1009 foeda,
359 954 515 1009 turpia.

121 993 189 1076 :1336
280 1013 435 1055 Restat
467 1015 620 1068 quarta
646 1026 760 1067 pars,
793 1026 901 1066 quae
927 1012 1088 1065 decore,
1114 1011 1420 1066 moderatione,
1446 1027 1533 1054 mo·
1552 1025 1586 1051 ιε

192 1072 341 1125 destia,
361 1071 636 1125 continentia,
650 1071 937 1126 temperantia
959 1071 1215 1113 continetur.
1234 1070 1385 1112 Potest
1398 1071 1534 1127 igitur

192 1132 420 1186 quicquam
462 1130 568 1171 utile
607 1144 717 1183 esse,
761 1129 873 1184 quod
911 1129 968 1171 sit
1004 1129 1102 1171 huic
1133 1130 1287 1171 talium
1322 1129 1534 1171 virtutum

192 1190 322 1233 choro
349 1189 640 1231 contrarium?
672 1188 809 1242 Atqui
835 1189 889 1230 ab
909 1188 1135 1243 Aristippo
1157 1187 1379 1243 Cyrenaici
1404 1191 1534 1243 atque

192 1248 411 1290 Annicerii
443 1247 692 1302 philosophi
723 1247 935 1288 nominati
964 1262 1089 1288 omne
1124 1247 1285 1288 bonum
1315 1247 1360 1288 in
1386 1248 1533 1302 volup-

192 1310 283 1349 tate
320 1309 556 1362 posuerunt
593 1306 881 1360 virtutemque
919 1308 1174 1347 censuerunt
1211 1306 1266 1347 ob
1305 1320 1400 1347 eam
1442 1320 1534 1347 rem
1553 1318 1587 1343 20

194 1380 287 1408 esse
306 1365 575 1419 laudandam,
603 1364 717 1418 quod
742 1364 930 1406 efficiens
957 1367 1069 1406 esset
1088 1364 1338 1419 voluptatis.
1371 1363 1534 1413 Quibus

194 1424 402 1467 obsoletis
434 1424 559 1466 floret
589 1423 814 1478 Epicurus,
846 1423 1033 1464 eiusdem
1058 1423 1147 1464 fere
1174 1423 1343 1465 adiutor
1370 1426 1534 1465 auctor-

194 1498 275 1538 que
301 1483 551 1524 sententiae.
596 1481 703 1524 Cum
728 1482 796 1523 his
824 1481 943 1523 ‘viris
969 1481 1200 1537 equisque’,
1224 1485 1274 1524 ut
1300 1482 1466 1536 dicitur,
1498 1481 1536 1523 si

192 1542 467 1584 honestatem
496 1541 609 1583 tueri
641 1555 689 1583 ac
720 1541 904 1582 retinere
943 1541 1156 1582 sententia
1194 1544 1276 1596 est,
1320 1541 1535 1583 decertan-
1605 1580 1612 1588 ,

126 1612 190 1643 ΕΠ
213 1601 313 1642 dum
346 1603 422 1642 est.
466 1598 580 1642 Nam
612 1600 649 1641 si
678 1614 765 1641 non
797 1599 923 1641 modo
955 1600 1135 1654 utilitas,
1168 1600 1242 1641 sed
1272 1599 1362 1641 vita
1395 1600 1533 1641 omnis
1553 1611 1587 1637 25
1658 1609 1663 1624 ⁹

193 1660 322 1702 beata
354 1658 546 1714 corporis
578 1659 703 1700 firma
729 1658 1239 1713 constitutione‘eiusque
1265 1658 1535 1701 constitutio-

193 1719 259 1760 nis
294 1733 369 1773 spe
401 1718 636 1772 explorata,
667 1719 716 1758 ut
748 1732 772 1758 a
803 1716 1049 1759 Metrodoro
1082 1718 1290 1772 scriptum
1321 1719 1406 1771 est,
1440 1731 1535 1759 con-

193 1778 375 1831 tinetur,
418 1779 532 1818 certe
574 1776 680 1818 haec
723 1776 908 1830 utilitas,
957 1778 1000 1817 et
1045 1776 1214 1830 quidem
1251 1790 1420 1817 summa
1457 1774 1536 1830 (sic

195 1836 308 1877 enim
358 1834 570 1890 censent),
619 1849 715 1877 cum
759 1835 985 1876 honestate
1023 1835 1246 1891 pugnabit.
1307 1834 1421 1875 Nam
1461 1834 1536 1875 ubi

195 1896 382 1949 primum
420 1893 671 1949 prudentiae
722 1894 840 1935 locus
880 1893 1080 1935 dabitur?
1127 1908 1182 1935 an
1224 1896 1272 1935 ut
1310 1893 1536 1947 conquirat
1557 1906 1590 1931 30
1655 1902 1658 1914 ·

195 1953 381 2007 undique
425 1952 690 1994 suavitates?
747 1951 884 2000 Quam
915 1952 1046 1993 miser
1079 1952 1253 1994 virtutis
1299 1951 1537 1994 famulatus

196 2012 423 2053 servientis
455 2011 690 2065 voluptati!
735 2009 857 2060 Quod
888 2013 1032 2052 autem
1070 2025 1223 2052 munus
1255 2011 1538 2065 prudentiae?

197 2084 252 2112 an
277 2070 419 2125 legere
447 2070 752 2126 intellegenter
775 2070 1050 2124 voluptates?
1087 2069 1172 2112 Fac
1196 2069 1305 2111 nihil
1332 2069 1417 2111 isto
1445 2083 1538 2111 esse

196 2129 431 2183 iucundius,
464 2129 565 2182 quid
597 2128 779 2184 cogitari
810 2131 954 2183 potest
985 2128 1183 2183 turpius?
1221 2128 1327 2182 Iam,
1362 2128 1435 2183 qui
1467 2128 1536 2169 do-

196 2188 334 2229 lorem
366 2202 579 2229 summum
611 2188 774 2228 malum
806 2187 936 2241 dicat,
974 2187 1087 2242 apud
1119 2202 1215 2228 eum
1249 2201 1374 2241 quem
1405 2187 1540 2228 habet
1559 2198 1591 2225 3⁵
1650 2196 1658 2219 s

197 2246 338 2287 locum
369 2246 598 2300 fortitudo,
643 2261 750 2301 quae
789 2248 855 2287 est
893 2246 1089 2287 dolorum
1129 2246 1411 2299 laborumque
1443 2260 1540 2287 con-

197 2305 410 2361 temptio?
455 2303 659 2354 Quamvis
697 2305 810 2346 enim
848 2304 996 2346 multis
1029 2305 1135 2347 locis
1168 2305 1283 2347 dicat
1313 2304 1540 2359 EpicuruS,
