1663 2490
190 68 274 108 194
586 67 790 103 LAELIUS
814 69 878 103 DE
905 67 1125 103 AMICITIA

188 178 254 216 est
284 175 418 230 igitur
449 174 555 218 haee
586 176 788 229 amicitia,
819 190 916 217 cum
948 176 1057 216 alter
1089 190 1236 217 verum
1267 176 1413 218 audire
1440 191 1530 220 non

187 234 298 288 vult,
337 235 447 275 alter
479 234 533 276 ad
570 234 860 275 mentiendum
897 236 1076 288 paratus
1109 237 1184 276 est.
1246 233 1336 277 Nee
1368 236 1529 290 parasi-

187 295 331 334 torum
362 293 406 334 in
438 293 668 335 comoediis
701 292 944 334 adsentatio
979 292 1121 334 faceta
1145 293 1270 335 nobis
1297 294 1526 349 videretur,

187 351 271 392 nisi
303 354 446 392 essent
477 352 638 393 milites
671 351 863 406 gloriosi.

245 409 458 465 Magnas
490 424 612 451 vero
646 423 796 464 agere
829 409 1029 465 gratias
1062 409 1227 452 Thais·
1249 411 1402 453 mihi?
1443 418 1446 420 ’
1564 425 1580 449 5

188 466 302 510 Satis
335 471 429 510 erat
463 467 738 522 respondere:
772 467 1032 524 emagnas’3
1064 468 1348 525 ‘ingentes’,
1376 470 1528 525 inquit.

187 525 363 581 Semper
395 529 526 582 auget
558 527 807 568 adsentator
837 527 898 581 id,
931 527 1044 581 quod
1075 528 1126 582 is,
1157 528 1275 570 euius
1302 529 1355 570 ad
1381 530 1528 571 volun-

118 591 160 622 99
185 588 321 627 tatem
372 585 546 639 dicitur,
592 586 688 628 vult
732 600 824 627 esse
868 600 1085 641 magnum.
1147 585 1284 635 Quam
1326 588 1381 629 ob
1425 602 1529 642 rem,

187 658 449 699 quamquam
479 644 639 685 blanda
674 644 760 686 ista
797 645 965 686 vanitas
1005 644 1119 699 apud
1162 659 1234 686 eos
1277 646 1412 701 valet,
1456 647 1529 701 qui

185 703 268 758 ipsi
300 703 420 744 illam
447 703 666 745 adlectant
690 706 733 745 et
758 703 957 757 invitant,
983 706 1128 745 tamen
1148 704 1279 745 etiam
1305 705 1526 760 graviores
1549 718 1581 744 10

185 762 586 816 constantioresque
630 762 885 804 admonendi
923 765 1040 817 sunt,
1084 765 1133 804 ut
1171 763 1528 818 animadvertant,

184 835 237 862 ne
269 815 439 862 eallida'
458 821 756 863 adsentatione
788 822 1025 876 capiantur.
1086 821 1249 876 Aperte
1289 822 1402 863 enim
1429 823 1528 864 adu·

184 880 349 921 lantem
380 894 505 921 nemo
537 894 625 921 non
649 880 778 934 videt,
803 880 886 921 nisi
912 881 985 934 qui
1011 879 1241 922 admodum
1268 883 1334 922 est
1360 895 1529 937 excors;

185 938 366 980 callidus
398 938 474 980 ille
507 941 549 980 et
587 940 780 981 occultus
811 954 864 980 ne
902 953 947 980 se
985 939 1190 994 insinuet,
1234 939 1425 982 studiose
1462 955 1527 982 ca-

184 997 368 1039 vendum
401 1000 487 1052 est3
529 1012 607 1040 nee
645 998 757 1039 enim
792 997 998 1040 facillime
1036 998 1332 1054 adgnoscitur‚
1370 999 1527 1054 quippe
1548 1011 1580 1037 15

186 1056 259 1111 qui
291 1057 422 1098 etiam
455 1056 720 1098 adversando
753 1071 879 1112 saepe
912 1057 1161 1099 adsentetur
1193 1060 1235 1099 et
1270 1057 1443 1113 litigare
1483 1072 1527 1100 se

186 1116 393 1157 simulans
430 1116 679 1157 blandiatur
720 1118 849 1170 atque
888 1116 941 1157 ad
986 1119 1224 1158 extremum
1269 1116 1341 1158 det
1374 1131 1526 1158 manus

184 1174 380 1228 vincique
407 1189 451 1216 se
471 1175 676 1229 patiatur,
707 1178 756 1216 ut
780 1175 830 1229 is,
860 1175 933 1229 qui
958 1175 1124 1217 inlusus
1151 1175 1220 1229 sit,
1245 1175 1343 1230 plus
1369 1176 1527 1217 vidisse

184 1233 391 1275 videatur.
442 1232 551 1282 Quid
584 1237 728 1275 autem
760 1235 929 1288 turpius
963 1248 1092 1287 quam
1124 1234 1290 1276 inludi?
1331 1233 1454 1282 Quod
1478 1237 1527 1276 ut

183 1306 235 1333 ne
268 1292 445 1347 accidat,
477 1294 615 1347 magis
649 1293 884 1334 cavendum
917 1295 993 1334 est.
1546 1306 1579 1330 20

245 1350 313 1393 Ut
350 1366 423 1392 me
460 1351 610 1392 hodie
649 1354 764 1392 ante
803 1365 973 1393 omnes
1012 1351 1232 1393 comicos
1274 1351 1466 1393 stultos

1203 1424 1348 1451 senes

241 1467 484 1510 Versaris
517 1471 671 1523 atque
702 1468 981 1510 inliisseris
1017 1468 1339 1510 lautissume.

115 1538 180 1569 100
200 1526 318 1569 Haeo
350 1527 463 1568 enim
501 1527 632 1568 etiam
663 1527 708 1568 in
738 1527 898 1568 fabulis
938 1527 1200 1569 stultissima
1236 1542 1422 1583 persona
1459 1531 1526 1570 est

182 1586 505 1640 inprovidorum
539 1589 581 1627 et
619 1586 890 1628 credulorum
929 1600 1089 1628 senum.
1151 1584 1233 1628 Sed
1263 1587 1407 1629 nescio
1440 1591 1524 1642 quo

182 1648 308 1699 paeto
341 1646 395 1686 ab
428 1645 629 1687 amicitiis
666 1645 955 1700 perfectorum
991 1645 1234 1700 hominum,
1276 1645 1320 1687 id
1358 1648 1424 1687 est
1461 1660 1525 1687 sa·
1545 1658 1578 1684 25

182 1704 392 1759 pientium
424 1702 494 1759 (de
526 1705 607 1746 hae
638 1704 730 1746 dico
765 1704 993 1759 sapientia,
1035 1718 1143 1759 quae
1174 1704 1343 1746 videtur
1374 1705 1419 1746 in
1449 1705 1523 1747 ho-

183 1763 341 1804 minem
367 1763 516 1805 eadere
541 1762 699 1819 posse),
725 1763 779 1804 ad
799 1764 914 1804 leves
935 1763 1147 1805 amicitias
1171 1763 1347 1805 defluxit
1371 1764 1523 1806 oratio.

182 1820 320 1870 Quam
359 1822 412 1863 ob
457 1837 548 1863 rem
593 1822 646 1864 ad
688 1822 765 1864 illa
806 1822 948 1877 prima
986 1823 1208 1864 redeamus
1253 1836 1386 1877 eaque
1429 1823 1525 1878 ipsa

182 1880 485 1923 concludamus
518 1881 760 1936 aliquando.

112 1938 163 1982 27
269 1939 435 1994 Virtus,
465 1940 621 1994 virtus,
652 1940 846 1994 inquam,
878 1938 922 1981 C.
954 1939 1108 1995 Fanni,
1140 1943 1183 1982 et
1214 1943 1279 1994 tu,
1321 1938 1367 1987 Q.
1399 1939 1524 1994 Muci,
1544 1952 1579 1977 30
1634 1966 1637 1970 -

183 2000 226 2039 et
263 1999 465 2040 conciliat
504 1999 715 2041 amicitias
754 2002 797 2040 et
835 2002 1072 2041 conservat.
1132 1998 1184 2040 In
1220 2013 1270 2040 ea
1308 2002 1374 2040 est
1412 1999 1524 2040 enim

182 2057 479 2099 convenientia
510 2072 665 2112 rerum,
696 2059 740 2099 in
767 2072 816 2099 ea
839 2058 1075 2108 stabilitas,
1106 2057 1151 2099 in
1182 2072 1233 2099 ea
1263 2058 1527 2111 constantia3

183 2130 290 2170 quae
322 2130 418 2157 oum
452 2131 496 2157 se
529 2117 684 2158 extulit
716 2119 759 2158 et
790 2117 979 2158 ostendit
1010 2131 1135 2158 suum
1167 2117 1312 2158 lumen
1344 2119 1387 2158 et
1412 2116 1524 2158 idem

183 2174 351 2229 aspexit
384 2175 674 2229 adgnovitque
705 2175 750 2217 in
783 2176 886 2229 alio,
925 2175 979 2217 ad
1015 2175 1059 2217 id
1090 2189 1135 2217 se
1168 2176 1369 2217 admovet
1400 2175 1523 2217 vicis-

183 2234 348 2287 simque
381 2234 536 2289 aoeipit
567 2234 687 2289 illud,
720 2235 832 2289 quod
863 2234 908 2275 in
940 2234 1077 2276 altero
1104 2237 1188 2289 est3
1220 2249 1270 2276 ex
1297 2249 1380 2288 quo
1408 2248 1525 2275 exar-
1544 2245 1577 2271 3⁵

182 2292 317 2334 deseit
343 2292 432 2334 sive
459 2307 580 2335 amor
606 2294 695 2335 sive
723 2293 931 2347 amicitia3
962 2296 1191 2345 utrumque
1219 2293 1332 2334 enim
1365 2292 1525 2335 dictum

1622 2347 1625 2366 l
