<?xml version="1.0" encoding="UTF-8"?>
<!DOCTYPE html PUBLIC "-//W3C//DTD XHTML 1.0 Transitional//EN"
    "http://www.w3.org/TR/xhtml1/DTD/xhtml1-transitional.dtd">
<html xmlns="http://www.w3.org/1999/xhtml" xml:lang="en" lang="en">
 <head>
  <title>
</title>
<meta http-equiv="Content-Type" content="text/html;charset=utf-8" />
  <meta name='ocr-system' content='tesseract 3.04.00' />
  <meta name='ocr-capabilities' content='ocr_page ocr_carea ocr_par ocr_line ocrx_word'/>
</head>
<body>
  <div class='ocr_page' id='page_1' title='image "./p3scriptaquaemanse04ciceuoft_0389.png"; bbox 0 0 1673 2505; ppageno 0'>
   <div class='ocr_carea' id='block_1_1' title="bbox 465 118 1426 163">
    <p class='ocr_par' dir='ltr' id='par_1_1' title="bbox 465 118 1426 163">
     <span class='ocr_line' id='line_1_1' title="bbox 465 118 1426 163; baseline 0.012 -11"><span class='ocrx_word' id='word_1_1' title='bbox 465 118 743 156; x_wconf 87' lang='lat' dir='ltr'>PHILOSOPH.</span> <span class='ocrx_word' id='word_1_2' title='bbox 770 119 808 156; x_wconf 88' lang='lat' dir='ltr'>F.</span> <span class='ocrx_word' id='word_1_3' title='bbox 837 119 866 153; x_wconf 78' lang='lat' dir='ltr'>V</span> <span class='ocrx_word' id='word_1_4' title='bbox 895 124 1044 155; x_wconf 74' lang='grc' dir='ltr'>60-Ἰῦ.</span> <span class='ocrx_word' id='word_1_5' title='bbox 1344 123 1426 163; x_wconf 78' lang='grc'>321</span> 
     </span>
    </p>
   </div>
   <div class='ocr_carea' id='block_1_2' title="bbox 37 226 1438 2436">
    <p class='ocr_par' dir='ltr' id='par_1_2' title="bbox 37 226 1438 2436">
     <span class='ocr_line' id='line_1_2' title="bbox 90 226 1430 282; baseline 0.001 -14"><span class='ocrx_word' id='word_1_6' title='bbox 90 226 201 269; x_wconf 79' lang='lat' dir='ltr'>cillis</span> <span class='ocrx_word' id='word_1_7' title='bbox 228 228 370 268; x_wconf 80' lang='lat' dir='ltr'>autem</span> <span class='ocrx_word' id='word_1_8' title='bbox 397 228 461 267; x_wconf 84' lang='lat' dir='ltr'>est</span> <span class='ocrx_word' id='word_1_9' title='bbox 486 226 661 280; x_wconf 82' lang='lat' dir='ltr'>pudoris</span> <span class='ocrx_word' id='word_1_10' title='bbox 689 227 897 281; x_wconf 80' lang='lat' dir='ltr'>magister</span> <span class='ocrx_word' id='word_1_11' title='bbox 922 227 1064 281; x_wconf 80' lang='lat' dir='ltr'>timor,</span> <span class='ocrx_word' id='word_1_12' title='bbox 1097 228 1169 281; x_wconf 90' lang='lat' dir='ltr'>qui</span> <span class='ocrx_word' id='word_1_13' title='bbox 1195 228 1232 269; x_wconf 91' lang='lat' dir='ltr'>si</span> <span class='ocrx_word' id='word_1_14' title='bbox 1260 230 1430 282; x_wconf 81' lang='lat' dir='ltr'>quando</span> 
     </span>
     <span class='ocr_line' id='line_1_3' title="bbox 89 284 1430 340; baseline 0.001 -14"><span class='ocrx_word' id='word_1_15' title='bbox 89 285 313 340; x_wconf 83' lang='lat' dir='ltr'>paululum</span> <span class='ocrx_word' id='word_1_16' title='bbox 353 284 590 337; x_wconf 85' lang='lat' dir='ltr'>aberravit,</span> <span class='ocrx_word' id='word_1_17' title='bbox 636 285 784 326; x_wconf 79' lang='lat' dir='ltr'>statim</span> <span class='ocrx_word' id='word_1_18' title='bbox 829 299 903 339; x_wconf 87' lang='lat' dir='ltr'>spe</span> <span class='ocrx_word' id='word_1_19' title='bbox 941 285 1213 339; x_wconf 82' lang='lat' dir='ltr'>impunitatis</span> <span class='ocrx_word' id='word_1_20' title='bbox 1252 287 1430 328; x_wconf 82' lang='lat' dir='ltr'>exultat.</span> 
     </span>
     <span class='ocr_line' id='line_1_4' title="bbox 180 343 1430 396; baseline 0.002 -12"><span class='ocrx_word' id='word_1_21' title='bbox 180 343 245 385; x_wconf 84' lang='lat'>73.</span> <span class='ocrx_word' id='word_1_22' title='bbox 285 343 392 383; x_wconf 89' lang='lat' dir='ltr'>Non.</span> <span class='ocrx_word' id='word_1_23' title='bbox 423 356 468 396; x_wconf 85' lang='lat' dir='ltr'>p.</span> <span class='ocrx_word' id='word_1_24' title='bbox 498 346 594 384; x_wconf 74' lang='lat'>334.</span> <span class='ocrx_word' id='word_1_25' title='bbox 626 346 684 384; x_wconf 78' lang='lat'>20</span> <span class='ocrx_word' id='word_1_26' title='bbox 720 344 781 384; x_wconf 84' lang='lat' dir='ltr'>M.</span> <span class='ocrx_word' id='word_1_27' title='bbox 823 344 986 385; x_wconf 79' lang='lat' dir='ltr'>Tullius</span> <span class='ocrx_word' id='word_1_28' title='bbox 1018 367 1071 372; x_wconf 91' lang='lat'>-—</span> <span class='ocrx_word' id='word_1_29' title='bbox 1108 345 1155 385; x_wconf 84' lang='lat' dir='ltr'>in</span> <span class='ocrx_word' id='word_1_30' title='bbox 1186 344 1430 387; x_wconf 87' lang='lat' dir='ltr'>Hortensio:</span> 
     </span>
     <span class='ocr_line' id='line_1_5' title="bbox 90 400 1431 457; baseline 0.001 -14"><span class='ocrx_word' id='word_1_31' title='bbox 90 404 183 443; x_wconf 89' lang='lat' dir='ltr'>tum</span> <span class='ocrx_word' id='word_1_32' title='bbox 213 400 456 456; x_wconf 76' lang='lat' dir='ltr'><strong>intellegas,</strong></span> <span class='ocrx_word' id='word_1_33' title='bbox 488 415 616 455; x_wconf 85' lang='lat' dir='ltr'>quam</span> <span class='ocrx_word' id='word_1_34' title='bbox 647 401 755 442; x_wconf 86' lang='lat' dir='ltr'>illud</span> <span class='ocrx_word' id='word_1_35' title='bbox 786 415 872 442; x_wconf 89' lang='lat' dir='ltr'>non</span> <span class='ocrx_word' id='word_1_36' title='bbox 904 401 961 442; x_wconf 92' lang='lat' dir='ltr'>sit</span> <span class='ocrx_word' id='word_1_37' title='bbox 986 402 1285 457; x_wconf 81' lang='lat' dir='ltr'>necessarium,</span> <span class='ocrx_word' id='word_1_38' title='bbox 1319 404 1431 457; x_wconf 88' lang='lat' dir='ltr'>quod</span> 
     </span>
     <span class='ocr_line' id='line_1_6' title="bbox 54 459 311 501; baseline 0 -1"><span class='ocrx_word' id='word_1_39' title='bbox 54 473 70 498; x_wconf 76' lang='lat'><strong>5</strong></span> <span class='ocrx_word' id='word_1_40' title='bbox 91 459 311 501; x_wconf 85' lang='lat' dir='ltr'>redundat.</span> 
     </span>
     <span class='ocr_line' id='line_1_7' title="bbox 179 518 1430 570; baseline 0.002 -12"><span class='ocrx_word' id='word_1_41' title='bbox 179 518 245 558; x_wconf 84' lang='lat'>74.</span> <span class='ocrx_word' id='word_1_42' title='bbox 265 518 373 559; x_wconf 85' lang='lat' dir='ltr'>Non.</span> <span class='ocrx_word' id='word_1_43' title='bbox 384 531 429 570; x_wconf 84' lang='lat' dir='ltr'>p.</span> <span class='ocrx_word' id='word_1_44' title='bbox 448 520 520 560; x_wconf 89' lang='grc'>22.</span> <span class='ocrx_word' id='word_1_45' title='bbox 539 520 600 559; x_wconf 86' lang='grc'>22</span> <span class='ocrx_word' id='word_1_46' title='bbox 617 518 680 559; x_wconf 88' lang='lat' dir='ltr'>M.</span> <span class='ocrx_word' id='word_1_47' title='bbox 698 518 858 560; x_wconf 88' lang='lat' dir='ltr'>Tullius</span> <span class='ocrx_word' id='word_1_48' title='bbox 877 519 921 559; x_wconf 88' lang='lat' dir='ltr'>in</span> <span class='ocrx_word' id='word_1_49' title='bbox 936 518 1176 560; x_wconf 82' lang='lat' dir='ltr'>Hortensio:</span> <span class='ocrx_word' id='word_1_50' title='bbox 1199 519 1252 560; x_wconf 86' lang='lat' dir='ltr'>ad</span> <span class='ocrx_word' id='word_1_51' title='bbox 1272 520 1430 561; x_wconf 85' lang='lat' dir='ltr'>iuveni-</span> 
     </span>
     <span class='ocr_line' id='line_1_8' title="bbox 89 576 1430 633; baseline 0.001 -15"><span class='ocrx_word' id='word_1_52' title='bbox 89 577 174 618; x_wconf 86' lang='lat' dir='ltr'>lem</span> <span class='ocrx_word' id='word_1_53' title='bbox 194 576 430 617; x_wconf 82' lang='lat' dir='ltr'><strong>lubidinem</strong></span> <span class='ocrx_word' id='word_1_54' title='bbox 444 576 566 631; x_wconf 85' lang='lat' dir='ltr'>copia</span> <span class='ocrx_word' id='word_1_55' title='bbox 581 576 866 630; x_wconf 83' lang='lat' dir='ltr'>voluptatum,</span> <span class='ocrx_word' id='word_1_56' title='bbox 888 577 1031 631; x_wconf 77' lang='lat' dir='ltr'>gliscit</span> <span class='ocrx_word' id='word_1_57' title='bbox 1044 577 1120 618; x_wconf 85' lang='lat' dir='ltr'>illa</span> <span class='ocrx_word' id='word_1_58' title='bbox 1134 580 1182 618; x_wconf 84' lang='lat' dir='ltr'>ut</span> <span class='ocrx_word' id='word_1_59' title='bbox 1195 577 1309 633; x_wconf 84' lang='lat' dir='ltr'>ignis</span> <span class='ocrx_word' id='word_1_60' title='bbox 1324 579 1430 620; x_wconf 89' lang='lat' dir='ltr'>oleo.</span> 
     </span>
     <span class='ocr_line' id='line_1_9' title="bbox 179 634 1432 687; baseline 0.002 -11"><span class='ocrx_word' id='word_1_61' title='bbox 179 634 244 676; x_wconf 80' lang='lat'>75.</span> <span class='ocrx_word' id='word_1_62' title='bbox 278 635 386 676; x_wconf 87' lang='lat' dir='ltr'>Non.</span> <span class='ocrx_word' id='word_1_63' title='bbox 414 648 459 687; x_wconf 94' lang='lat' dir='ltr'>p.</span> <span class='ocrx_word' id='word_1_64' title='bbox 491 638 587 677; x_wconf 77' lang='lat'><em>480.</em></span> <span class='ocrx_word' id='word_1_65' title='bbox 618 638 673 676; x_wconf 82' lang='grc'>18</span> <span class='ocrx_word' id='word_1_66' title='bbox 708 635 771 676; x_wconf 86' lang='lat' dir='ltr'>M.</span> <span class='ocrx_word' id='word_1_67' title='bbox 812 635 974 676; x_wconf 78' lang='lat' dir='ltr'>Tullius</span> <span class='ocrx_word' id='word_1_68' title='bbox 1009 636 1055 676; x_wconf 87' lang='lat' dir='ltr'>in</span> <span class='ocrx_word' id='word_1_69' title='bbox 1093 636 1336 678; x_wconf 87' lang='lat' dir='ltr'>Hortensio:</span> <span class='ocrx_word' id='word_1_70' title='bbox 1373 637 1432 678; x_wconf 92' lang='lat' dir='ltr'>Hi</span> 
     </span>
     <span class='ocr_line' id='line_1_10' title="bbox 88 692 1380 748; baseline 0.003 -15"><span class='ocrx_word' id='word_1_71' title='bbox 88 693 228 734; x_wconf 85' lang='lat' dir='ltr'>nostri</span> <span class='ocrx_word' id='word_1_72' title='bbox 259 692 386 734; x_wconf 83' lang='lat' dir='ltr'>amici</span> <span class='ocrx_word' id='word_1_73' title='bbox 416 692 756 734; x_wconf 69' lang='lat' dir='ltr'>verecundantur</span> <span class='ocrx_word' id='word_1_74' title='bbox 787 693 903 748; x_wconf 85' lang='lat' dir='ltr'>eapti</span> <span class='ocrx_word' id='word_1_75' title='bbox 936 693 1161 748; x_wconf 81' lang='lat' dir='ltr'>splendore</span> <span class='ocrx_word' id='word_1_76' title='bbox 1193 695 1380 737; x_wconf 85' lang='lat' dir='ltr'>virtutis.</span> 
     </span>
     <span class='ocr_line' id='line_1_11' title="bbox 39 751 1432 808; baseline 0.004 -17"><span class='ocrx_word' id='word_1_77' title='bbox 39 764 70 791; x_wconf 86' lang='grc' dir='ltr'>ιο</span> <span class='ocrx_word' id='word_1_78' title='bbox 180 751 245 793; x_wconf 83' lang='grc'>76.</span> <span class='ocrx_word' id='word_1_79' title='bbox 278 752 387 793; x_wconf 88' lang='lat' dir='ltr'>Non.</span> <span class='ocrx_word' id='word_1_80' title='bbox 410 765 454 804; x_wconf 87' lang='lat' dir='ltr'>p.</span> <span class='ocrx_word' id='word_1_81' title='bbox 486 754 581 794; x_wconf 76' lang='lat'><strong><em>194.</em></strong></span> <span class='ocrx_word' id='word_1_82' title='bbox 612 756 666 793; x_wconf 80' lang='lat'>13</span> <span class='ocrx_word' id='word_1_83' title='bbox 696 751 759 793; x_wconf 87' lang='lat' dir='ltr'>M.</span> <span class='ocrx_word' id='word_1_84' title='bbox 794 752 956 793; x_wconf 83' lang='lat' dir='ltr'>Tullius</span> <span class='ocrx_word' id='word_1_85' title='bbox 987 753 1032 793; x_wconf 90' lang='lat' dir='ltr'>in</span> <span class='ocrx_word' id='word_1_86' title='bbox 1063 753 1307 796; x_wconf 86' lang='lat' dir='ltr'>Hortensio:</span> <span class='ocrx_word' id='word_1_87' title='bbox 1348 754 1432 808; x_wconf 85' lang='lat' dir='ltr'>pri-</span> 
     </span>
     <span class='ocr_line' id='line_1_12' title="bbox 89 809 1432 865; baseline 0.002 -14"><span class='ocrx_word' id='word_1_88' title='bbox 89 824 183 851; x_wconf 88' lang='lat' dir='ltr'>mus</span> <span class='ocrx_word' id='word_1_89' title='bbox 215 809 417 851; x_wconf 82' lang='lat' dir='ltr'>balneola</span> <span class='ocrx_word' id='word_1_90' title='bbox 449 810 682 865; x_wconf 73' lang='lat' dir='ltr'>suspendit,</span> <span class='ocrx_word' id='word_1_91' title='bbox 714 810 889 851; x_wconf 83' lang='lat' dir='ltr'>inclusit</span> <span class='ocrx_word' id='word_1_92' title='bbox 920 810 1071 864; x_wconf 86' lang='lat' dir='ltr'>pisces.</span> <span class='ocrx_word' id='word_1_93' title='bbox 1104 835 1158 840; x_wconf 92' lang='lat'><strong>—</strong></span> <span class='ocrx_word' id='word_1_94' title='bbox 1194 812 1282 854; x_wconf 86' lang='lat' dir='ltr'>Val.</span> <span class='ocrx_word' id='word_1_95' title='bbox 1313 813 1432 854; x_wconf 77' lang='lat' dir='ltr'><strong><em>Max.</em></strong></span> 
     </span>
     <span class='ocr_line' id='line_1_13' title="bbox 87 868 1432 923; baseline 0.001 -13"><span class='ocrx_word' id='word_1_96' title='bbox 87 869 163 910; x_wconf 88' lang='lat' dir='ltr'>IX</span> <span class='ocrx_word' id='word_1_97' title='bbox 185 872 221 909; x_wconf 87' lang='lat'>1.</span> <span class='ocrx_word' id='word_1_98' title='bbox 246 872 272 910; x_wconf 85' lang='lat'><strong><em>1</em></strong></span> <span class='ocrx_word' id='word_1_99' title='bbox 298 868 340 911; x_wconf 80' lang='lat' dir='ltr'>G.</span> <span class='ocrx_word' id='word_1_100' title='bbox 366 868 532 922; x_wconf 62' lang='lat' dir='ltr'>Sergius</span> <span class='ocrx_word' id='word_1_101' title='bbox 558 868 687 910; x_wconf 88' lang='lat' dir='ltr'>Orata</span> <span class='ocrx_word' id='word_1_102' title='bbox 710 869 890 921; x_wconf 74' lang='lat' dir='ltr'>pensilia</span> <span class='ocrx_word' id='word_1_103' title='bbox 921 870 1082 910; x_wconf 83' lang='lat' dir='ltr'>balinea</span> <span class='ocrx_word' id='word_1_104' title='bbox 1107 871 1272 922; x_wconf 84' lang='lat' dir='ltr'>primus</span> <span class='ocrx_word' id='word_1_105' title='bbox 1300 871 1432 923; x_wconf 79' lang='lat' dir='ltr'>facere</span> 
     </span>
     <span class='ocr_line' id='line_1_14' title="bbox 87 926 1432 982; baseline 0.002 -14"><span class='ocrx_word' id='word_1_106' title='bbox 87 928 278 969; x_wconf 81' lang='lat' dir='ltr'>instituit.</span> <span class='ocrx_word' id='word_1_107' title='bbox 335 926 447 978; x_wconf 73' lang='lat' dir='ltr'>Quae</span> <span class='ocrx_word' id='word_1_108' title='bbox 476 928 648 980; x_wconf 88' lang='lat' dir='ltr'>inpensa</span> <span class='ocrx_word' id='word_1_109' title='bbox 680 928 828 969; x_wconf 81' lang='lat' dir='ltr'>levibus</span> <span class='ocrx_word' id='word_1_110' title='bbox 858 928 991 969; x_wconf 88' lang='lat' dir='ltr'>initiis</span> <span class='ocrx_word' id='word_1_111' title='bbox 1021 932 1155 981; x_wconf 86' lang='lat' dir='ltr'>coepta</span> <span class='ocrx_word' id='word_1_112' title='bbox 1186 930 1243 970; x_wconf 80' lang='lat' dir='ltr'>acl</span> <span class='ocrx_word' id='word_1_113' title='bbox 1271 943 1432 982; x_wconf 83' lang='lat' dir='ltr'>suspen-</span> 
     </span>
     <span class='ocr_line' id='line_1_15' title="bbox 89 986 1432 1042; baseline 0.003 -16"><span class='ocrx_word' id='word_1_114' title='bbox 89 998 158 1027; x_wconf 90' lang='lat' dir='ltr'>sae</span> <span class='ocrx_word' id='word_1_115' title='bbox 187 986 343 1028; x_wconf 80' lang='lat' dir='ltr'>calidae</span> <span class='ocrx_word' id='word_1_116' title='bbox 366 999 496 1038; x_wconf 86' lang='lat' dir='ltr'>aquae</span> <span class='ocrx_word' id='word_1_117' title='bbox 527 989 686 1027; x_wconf 84' lang='lat' dir='ltr'>tantum</span> <span class='ocrx_word' id='word_1_118' title='bbox 716 1000 799 1027; x_wconf 87' lang='lat' dir='ltr'>non</span> <span class='ocrx_word' id='word_1_119' title='bbox 823 1000 1000 1038; x_wconf 88' lang='lat' dir='ltr'>aequora</span> <span class='ocrx_word' id='word_1_120' title='bbox 1019 988 1257 1039; x_wconf 78' lang='lat' dir='ltr'>penetravit.</span> <span class='ocrx_word' id='word_1_121' title='bbox 1304 988 1432 1042; x_wconf 83' lang='lat' dir='ltr'>Idem,</span> 
     </span>
     <span class='ocr_line' id='line_1_16' title="bbox 37 1044 1432 1097; baseline 0.004 -15"><span class='ocrx_word' id='word_1_122' title='bbox 37 1056 70 1082; x_wconf 87' lang='lat'>15</span> <span class='ocrx_word' id='word_1_123' title='bbox 88 1044 268 1086; x_wconf 82' lang='lat' dir='ltr'>videlicet</span> <span class='ocrx_word' id='word_1_124' title='bbox 301 1058 352 1085; x_wconf 84' lang='lat' dir='ltr'>ne</span> <span class='ocrx_word' id='word_1_125' title='bbox 387 1045 529 1097; x_wconf 76' lang='lat' dir='ltr'>qulam</span> <span class='ocrx_word' id='word_1_126' title='bbox 567 1044 750 1097; x_wconf 89' lang='lat' dir='ltr'>Neptuni</span> <span class='ocrx_word' id='word_1_127' title='bbox 791 1045 964 1086; x_wconf 77' lang='lat' dir='ltr'>arbitrio</span> <span class='ocrx_word' id='word_1_128' title='bbox 1006 1046 1225 1087; x_wconf 79' lang='lat' dir='ltr'>subiectam</span> <span class='ocrx_word' id='word_1_129' title='bbox 1262 1046 1432 1096; x_wconf 79' lang='lat' dir='ltr'>liaberet,</span> 
     </span>
     <span class='ocr_line' id='line_1_17' title="bbox 81 1103 1432 1156; baseline 0.002 -13"><span class='ocrx_word' id='word_1_130' title='bbox 81 1103 314 1156; x_wconf 73' lang='lat' dir='ltr'>peculiaria</span> <span class='ocrx_word' id='word_1_131' title='bbox 343 1103 432 1144; x_wconf 45' lang='lat' dir='ltr'>sibi&gt;</span> <span class='ocrx_word' id='word_1_132' title='bbox 451 1104 589 1144; x_wconf 87' lang='lat' dir='ltr'>maria</span> <span class='ocrx_word' id='word_1_133' title='bbox 625 1104 865 1156; x_wconf 73' lang='lat' dir='ltr'>exeoqitavit</span> <span class='ocrx_word' id='word_1_134' title='bbox 892 1104 1111 1145; x_wconf 86' lang='lat' dir='ltr'>aestuariis</span> <span class='ocrx_word' id='word_1_135' title='bbox 1143 1105 1432 1156; x_wconf 73' lang='lat' dir='ltr'>intercipiendo</span> 
     </span>
     <span class='ocr_line' id='line_1_18' title="bbox 87 1161 1433 1215; baseline 0.001 -13"><span class='ocrx_word' id='word_1_136' title='bbox 87 1161 234 1214; x_wconf 81' lang='lat' dir='ltr'>fluctus</span> <span class='ocrx_word' id='word_1_137' title='bbox 263 1162 517 1214; x_wconf 76' lang='lat' dir='ltr'>pisciumque</span> <span class='ocrx_word' id='word_1_138' title='bbox 552 1162 728 1203; x_wconf 82' lang='lat' dir='ltr'>diversos</span> <span class='ocrx_word' id='word_1_139' title='bbox 760 1175 897 1215; x_wconf 72' lang='lat' dir='ltr'>qreqes</span> <span class='ocrx_word' id='word_1_140' title='bbox 932 1163 1133 1214; x_wconf 86' lang='lat' dir='ltr'>separatis</span> <span class='ocrx_word' id='word_1_141' title='bbox 1168 1163 1342 1204; x_wconf 83' lang='lat' dir='ltr'>molibus</span> <span class='ocrx_word' id='word_1_142' title='bbox 1371 1164 1433 1204; x_wconf 86' lang='lat' dir='ltr'>in-</span> 
     </span>
     <span class='ocr_line' id='line_1_19' title="bbox 88 1220 1432 1274; baseline 0.001 -13"><span class='ocrx_word' id='word_1_143' title='bbox 88 1220 292 1270; x_wconf 82' lang='lat' dir='ltr'>cludendo,</span> <span class='ocrx_word' id='word_1_144' title='bbox 320 1223 367 1261; x_wconf 88' lang='lat' dir='ltr'>ut</span> <span class='ocrx_word' id='word_1_145' title='bbox 389 1220 507 1261; x_wconf 89' lang='lat' dir='ltr'>nulla</span> <span class='ocrx_word' id='word_1_146' title='bbox 533 1223 618 1261; x_wconf 85' lang='lat' dir='ltr'>tam</span> <span class='ocrx_word' id='word_1_147' title='bbox 641 1233 762 1261; x_wconf 81' lang='lat' dir='ltr'>saeva</span> <span class='ocrx_word' id='word_1_148' title='bbox 788 1223 997 1272; x_wconf 75' lang='lat' dir='ltr'>tempestas</span> <span class='ocrx_word' id='word_1_149' title='bbox 1022 1221 1220 1272; x_wconf 81' lang='lat' dir='ltr'>inciderit,</span> <span class='ocrx_word' id='word_1_150' title='bbox 1245 1235 1327 1274; x_wconf 85' lang='lat' dir='ltr'>qua</span> <span class='ocrx_word' id='word_1_151' title='bbox 1351 1235 1432 1262; x_wconf 85' lang='lat' dir='ltr'>non</span> 
     </span>
     <span class='ocr_line' id='line_1_20' title="bbox 91 1277 1433 1330; baseline 0.001 -11"><span class='ocrx_word' id='word_1_152' title='bbox 91 1277 242 1320; x_wconf 88' lang='lat' dir='ltr'>Oratae</span> <span class='ocrx_word' id='word_1_153' title='bbox 277 1291 439 1320; x_wconf 81' lang='lat' dir='ltr'>mensae</span> <span class='ocrx_word' id='word_1_154' title='bbox 473 1279 668 1319; x_wconf 80' lang='lat' dir='ltr'>varietate</span> <span class='ocrx_word' id='word_1_155' title='bbox 701 1279 947 1330; x_wconf 78' lang='lat' dir='ltr'>ferculorum</span> <span class='ocrx_word' id='word_1_156' title='bbox 980 1279 1246 1320; x_wconf 78' lang='lat' dir='ltr'>abundarent.</span> <span class='ocrx_word' id='word_1_157' title='bbox 1308 1280 1433 1321; x_wconf 80' lang='lat' dir='ltr'>Aedi-</span> 
     </span>
     <span class='ocr_line' id='line_1_21' title="bbox 37 1337 1434 1391; baseline 0.003 -15"><span class='ocrx_word' id='word_1_158' title='bbox 37 1349 70 1375; x_wconf 84' lang='lat'>20</span> <span class='ocrx_word' id='word_1_159' title='bbox 88 1337 195 1390; x_wconf 75' lang='lat' dir='ltr'>ficiis</span> <span class='ocrx_word' id='word_1_160' title='bbox 231 1338 354 1378; x_wconf 82' lang='lat' dir='ltr'>etiam</span> <span class='ocrx_word' id='word_1_161' title='bbox 390 1337 581 1389; x_wconf 75' lang='lat' dir='ltr'>spatiosis</span> <span class='ocrx_word' id='word_1_162' title='bbox 622 1341 659 1378; x_wconf 86' lang='lat' dir='ltr'>et</span> <span class='ocrx_word' id='word_1_163' title='bbox 700 1338 861 1379; x_wconf 80' lang='lat' dir='ltr'>excelsis</span> <span class='ocrx_word' id='word_1_164' title='bbox 902 1338 1057 1379; x_wconf 77' lang='lat' dir='ltr'>deserta</span> <span class='ocrx_word' id='word_1_165' title='bbox 1100 1339 1157 1378; x_wconf 83' lang='lat' dir='ltr'>ad</span> <span class='ocrx_word' id='word_1_166' title='bbox 1198 1339 1242 1379; x_wconf 78' lang='lat' dir='ltr'>id</span> <span class='ocrx_word' id='word_1_167' title='bbox 1280 1341 1434 1391; x_wconf 84' lang='lat' dir='ltr'>tempus</span> 
     </span>
     <span class='ocr_line' id='line_1_22' title="bbox 89 1396 1432 1450; baseline 0 -12"><span class='ocrx_word' id='word_1_168' title='bbox 89 1409 163 1438; x_wconf 90' lang='lat' dir='ltr'>ora</span> <span class='ocrx_word' id='word_1_169' title='bbox 192 1396 367 1437; x_wconf 85' lang='lat' dir='ltr'>Lucrini</span> <span class='ocrx_word' id='word_1_170' title='bbox 399 1396 510 1437; x_wconf 87' lang='lat' dir='ltr'>lacus</span> <span class='ocrx_word' id='word_1_171' title='bbox 534 1397 700 1448; x_wconf 75' lang='lat' dir='ltr'>pressit,</span> <span class='ocrx_word' id='word_1_172' title='bbox 738 1410 816 1448; x_wconf 89' lang='lat' dir='ltr'>quo</span> <span class='ocrx_word' id='word_1_173' title='bbox 852 1397 1068 1437; x_wconf 73' lang='lat' dir='ltr'>recentiore</span> <span class='ocrx_word' id='word_1_174' title='bbox 1102 1410 1182 1438; x_wconf 83' lang='lat' dir='ltr'>usu</span> <span class='ocrx_word' id='word_1_175' title='bbox 1213 1397 1432 1450; x_wconf 73' lang='lat' dir='ltr'>conchylio-</span> 
     </span>
     <span class='ocr_line' id='line_1_23' title="bbox 88 1454 1433 1507; baseline 0.001 -12"><span class='ocrx_word' id='word_1_176' title='bbox 88 1468 183 1495; x_wconf 90' lang='lat' dir='ltr'>rum</span> <span class='ocrx_word' id='word_1_177' title='bbox 211 1454 437 1505; x_wconf 80' lang='lat' dir='ltr'>frueretur;</span> <span class='ocrx_word' id='word_1_178' title='bbox 477 1454 548 1495; x_wconf 75' lang='lat' dir='ltr'>ubi</span> <span class='ocrx_word' id='word_1_179' title='bbox 584 1455 682 1495; x_wconf 71' lang='lat' dir='ltr'>ctum</span> <span class='ocrx_word' id='word_1_180' title='bbox 712 1468 753 1496; x_wconf 87' lang='lat' dir='ltr'>se</span> <span class='ocrx_word' id='word_1_181' title='bbox 776 1455 964 1507; x_wconf 77' lang='lat' dir='ltr'>publicae</span> <span class='ocrx_word' id='word_1_182' title='bbox 994 1468 1125 1507; x_wconf 88' lang='lat' dir='ltr'>aquae</span> <span class='ocrx_word' id='word_1_183' title='bbox 1155 1456 1342 1507; x_wconf 81' lang='lat' dir='ltr'>cupidius</span> <span class='ocrx_word' id='word_1_184' title='bbox 1374 1457 1433 1496; x_wconf 87' lang='lat' dir='ltr'>in-</span> 
     </span>
     <span class='ocr_line' id='line_1_24' title="bbox 88 1512 1434 1566; baseline 0.001 -12"><span class='ocrx_word' id='word_1_185' title='bbox 88 1514 243 1566; x_wconf 70' lang='lat' dir='ltr'>meiyit,</span> <span class='ocrx_word' id='word_1_186' title='bbox 274 1526 364 1554; x_wconf 88' lang='lat' dir='ltr'>eum</span> <span class='ocrx_word' id='word_1_187' title='bbox 390 1512 579 1555; x_wconf 73' lang='lat' dir='ltr'>Considio</span> <span class='ocrx_word' id='word_1_188' title='bbox 597 1513 816 1565; x_wconf 84' lang='lat' dir='ltr'>publicano</span> <span class='ocrx_word' id='word_1_189' title='bbox 842 1514 1041 1555; x_wconf 81' lang='lat' dir='ltr'>iudicium</span> <span class='ocrx_word' id='word_1_190' title='bbox 1067 1517 1242 1555; x_wconf 86' lang='lat' dir='ltr'>nanctus</span> <span class='ocrx_word' id='word_1_191' title='bbox 1266 1517 1333 1556; x_wconf 87' lang='lat' dir='ltr'>est.</span> <span class='ocrx_word' id='word_1_192' title='bbox 1377 1514 1434 1555; x_wconf 81' lang='lat' dir='ltr'>In</span> 
     </span>
     <span class='ocr_line' id='line_1_25' title="bbox 89 1570 1435 1625; baseline 0.001 -13"><span class='ocrx_word' id='word_1_193' title='bbox 89 1585 165 1624; x_wconf 90' lang='lat' dir='ltr'>quo</span> <span class='ocrx_word' id='word_1_194' title='bbox 190 1571 240 1613; x_wconf 90' lang='lat' dir='ltr'>L.</span> <span class='ocrx_word' id='word_1_195' title='bbox 260 1570 434 1613; x_wconf 79' lang='lat' dir='ltr'>Crassus</span> <span class='ocrx_word' id='word_1_196' title='bbox 459 1572 651 1612; x_wconf 77' lang='lat' dir='ltr'>adversus</span> <span class='ocrx_word' id='word_1_197' title='bbox 680 1572 800 1612; x_wconf 81' lang='lat' dir='ltr'>illum</span> <span class='ocrx_word' id='word_1_198' title='bbox 828 1585 995 1613; x_wconf 85' lang='lat' dir='ltr'>causam</span> <span class='ocrx_word' id='word_1_199' title='bbox 1025 1585 1148 1625; x_wconf 75' lang='lat' dir='ltr'>aqens</span> <span class='ocrx_word' id='word_1_200' title='bbox 1172 1585 1309 1613; x_wconf 89' lang='lat' dir='ltr'>errare</span> <span class='ocrx_word' id='word_1_201' title='bbox 1332 1574 1435 1613; x_wconf 86' lang='lat' dir='ltr'>ami-</span> 
     </span>
     <span class='ocr_line' id='line_1_26' title="bbox 37 1629 1434 1683; baseline 0.004 -16"><span class='ocrx_word' id='word_1_202' title='bbox 37 1641 70 1668; x_wconf 85' lang='lat'>25</span> <span class='ocrx_word' id='word_1_203' title='bbox 90 1643 181 1671; x_wconf 88' lang='lat' dir='ltr'>cum</span> <span class='ocrx_word' id='word_1_204' title='bbox 211 1643 333 1672; x_wconf 86' lang='lat' dir='ltr'>suum</span> <span class='ocrx_word' id='word_1_205' title='bbox 365 1629 603 1672; x_wconf 78' lang='lat' dir='ltr'>Considium</span> <span class='ocrx_word' id='word_1_206' title='bbox 633 1631 749 1680; x_wconf 75' lang='lat' dir='ltr'>(lixit,</span> <span class='ocrx_word' id='word_1_207' title='bbox 779 1631 887 1683; x_wconf 81' lang='lat' dir='ltr'>quod</span> <span class='ocrx_word' id='word_1_208' title='bbox 907 1633 1076 1683; x_wconf 84' lang='lat' dir='ltr'>putaret</span> <span class='ocrx_word' id='word_1_209' title='bbox 1107 1629 1279 1671; x_wconf 83' lang='lat' dir='ltr'>Oratam</span> <span class='ocrx_word' id='word_1_210' title='bbox 1308 1645 1434 1672; x_wconf 87' lang='lat' dir='ltr'>remo-</span> 
     </span>
     <span class='ocr_line' id='line_1_27' title="bbox 90 1689 1436 1742; baseline 0.001 -13"><span class='ocrx_word' id='word_1_211' title='bbox 90 1692 176 1730; x_wconf 85' lang='lat' dir='ltr'>tum</span> <span class='ocrx_word' id='word_1_212' title='bbox 207 1702 234 1729; x_wconf 89' lang='lat' dir='ltr'>a</span> <span class='ocrx_word' id='word_1_213' title='bbox 265 1689 356 1730; x_wconf 86' lang='lat' dir='ltr'>lacu</span> <span class='ocrx_word' id='word_1_214' title='bbox 387 1690 614 1730; x_wconf 87' lang='lat' dir='ltr'>cariturum</span> <span class='ocrx_word' id='word_1_215' title='bbox 647 1690 806 1738; x_wconf 85' lang='lat' dir='ltr'>ostreis,·</span> <span class='ocrx_word' id='word_1_216' title='bbox 837 1702 1013 1741; x_wconf 81' lang='lat' dir='ltr'>namque</span> <span class='ocrx_word' id='word_1_217' title='bbox 1041 1702 1098 1740; x_wconf 89' lang='lat' dir='ltr'>ea,</span> <span class='ocrx_word' id='word_1_218' title='bbox 1129 1689 1167 1730; x_wconf 85' lang='lat' dir='ltr'>si</span> <span class='ocrx_word' id='word_1_219' title='bbox 1191 1690 1286 1731; x_wconf 82' lang='lat' dir='ltr'>inde</span> <span class='ocrx_word' id='word_1_220' title='bbox 1301 1693 1436 1742; x_wconf 82' lang='lat' dir='ltr'>petere</span> 
     </span>
     <span class='ocr_line' id='line_1_28' title="bbox 89 1748 1436 1800; baseline 0.001 -12"><span class='ocrx_word' id='word_1_221' title='bbox 89 1761 172 1789; x_wconf 81' lang='lat' dir='ltr'>non</span> <span class='ocrx_word' id='word_1_222' title='bbox 198 1748 384 1799; x_wconf 70' lang='lat' dir='ltr'>licuisset,</span> <span class='ocrx_word' id='word_1_223' title='bbox 408 1748 454 1788; x_wconf 89' lang='lat' dir='ltr'>in</span> <span class='ocrx_word' id='word_1_224' title='bbox 480 1748 621 1800; x_wconf 77' lang='lat' dir='ltr'>tequlis</span> <span class='ocrx_word' id='word_1_225' title='bbox 645 1751 909 1800; x_wconf 86' lang='lat' dir='ltr'>reperturum.</span> <span class='ocrx_word' id='word_1_226' title='bbox 933 1772 980 1776; x_wconf 90' lang='lat'>—</span> <span class='ocrx_word' id='word_1_227' title='bbox 1005 1748 1225 1800; x_wconf 78' lang='lat' dir='ltr'>Auqustin.</span> <span class='ocrx_word' id='word_1_228' title='bbox 1251 1748 1297 1789; x_wconf 83' lang='lat' dir='ltr'>de</span> <span class='ocrx_word' id='word_1_229' title='bbox 1322 1748 1436 1789; x_wconf 81' lang='lat' dir='ltr'>beata</span> 
     </span>
     <span class='ocr_line' id='line_1_29' title="bbox 89 1805 1436 1859; baseline 0 -12"><span class='ocrx_word' id='word_1_230' title='bbox 89 1807 172 1847; x_wconf 83' lang='lat' dir='ltr'>vita</span> <span class='ocrx_word' id='word_1_231' title='bbox 191 1809 250 1848; x_wconf 85' lang='grc'>26</span> <span class='ocrx_word' id='word_1_232' title='bbox 271 1806 316 1847; x_wconf 87' lang='grc' dir='ltr'>Τ.</span> <span class='ocrx_word' id='word_1_233' title='bbox 336 1806 368 1846; x_wconf 91' lang='lat' dir='ltr'><em>I</em></span> <span class='ocrx_word' id='word_1_234' title='bbox 375 1820 418 1858; x_wconf 88' lang='lat' dir='ltr'>p.</span> <span class='ocrx_word' id='word_1_235' title='bbox 437 1808 522 1848; x_wconf 69' lang='lat'>230</span> <span class='ocrx_word' id='word_1_236' title='bbox 543 1805 579 1847; x_wconf 78' lang='grc' dir='ltr'><em>Ο</em></span> <span class='ocrx_word' id='word_1_237' title='bbox 593 1805 696 1847; x_wconf 86' lang='lat' dir='ltr'>Ben.</span> <span class='ocrx_word' id='word_1_238' title='bbox 715 1806 839 1847; x_wconf 76' lang='lat' dir='ltr'>Antv.</span> <span class='ocrx_word' id='word_1_239' title='bbox 858 1806 1090 1859; x_wconf 75' lang='lat' dir='ltr'>Finyamus</span> <span class='ocrx_word' id='word_1_240' title='bbox 1108 1806 1284 1858; x_wconf 80' lang='lat' dir='ltr'>aliquem</span> <span class='ocrx_word' id='word_1_241' title='bbox 1304 1807 1436 1857; x_wconf 87' lang='lat' dir='ltr'>talem,</span> 
     </span>
     <span class='ocr_line' id='line_1_30' title="bbox 90 1863 1437 1917; baseline 0.001 -12"><span class='ocrx_word' id='word_1_242' title='bbox 90 1865 249 1917; x_wconf 87' lang='lat' dir='ltr'>qualem</span> <span class='ocrx_word' id='word_1_243' title='bbox 290 1865 451 1906; x_wconf 83' lang='lat' dir='ltr'>Tullius</span> <span class='ocrx_word' id='word_1_244' title='bbox 490 1865 618 1916; x_wconf 80' lang='lat' dir='ltr'>fuisse</span> <span class='ocrx_word' id='word_1_245' title='bbox 653 1865 753 1906; x_wconf 83' lang='lat' dir='ltr'>dicit</span> <span class='ocrx_word' id='word_1_246' title='bbox 789 1863 972 1906; x_wconf 87' lang='lat' dir='ltr'>Oratam.</span> <span class='ocrx_word' id='word_1_247' title='bbox 1035 1864 1136 1917; x_wconf 73' lang='lat' dir='ltr'>Quis</span> <span class='ocrx_word' id='word_1_248' title='bbox 1172 1865 1281 1906; x_wconf 87' lang='lat' dir='ltr'>enim</span> <span class='ocrx_word' id='word_1_249' title='bbox 1314 1865 1437 1916; x_wconf 81' lang='lat' dir='ltr'>facile</span> 
     </span>
     <span class='ocr_line' id='line_1_31' title="bbox 37 1922 1436 1977; baseline 0 -13"><span class='ocrx_word' id='word_1_250' title='bbox 37 1934 72 1960; x_wconf 74' lang='lat'>³0</span> <span class='ocrx_word' id='word_1_251' title='bbox 91 1924 201 1965; x_wconf 87' lang='lat' dir='ltr'>dicat</span> <span class='ocrx_word' id='word_1_252' title='bbox 243 1922 415 1964; x_wconf 79' lang='lat' dir='ltr'>Oratam</span> <span class='ocrx_word' id='word_1_253' title='bbox 458 1926 624 1976; x_wconf 75' lang='lat' dir='ltr'>eqestate</span> <span class='ocrx_word' id='word_1_254' title='bbox 666 1923 884 1975; x_wconf 82' lang='lat' dir='ltr'>laborasse,</span> <span class='ocrx_word' id='word_1_255' title='bbox 930 1923 1132 1965; x_wconf 73' lang='lat' dir='ltr'>hominem</span> <span class='ocrx_word' id='word_1_256' title='bbox 1175 1924 1436 1977; x_wconf 79' lang='lat' dir='ltr'>ditissimum,</span> 
     </span>
     <span class='ocr_line' id='line_1_32' title="bbox 90 1982 1437 2036; baseline 0 -13"><span class='ocrx_word' id='word_1_257' title='bbox 90 1982 432 2035; x_wconf 86' lang='lat' dir='ltr'>amoenissimum,</span> <span class='ocrx_word' id='word_1_258' title='bbox 463 1982 829 2036; x_wconf 78' lang='lat' dir='ltr'>deliciosissimimz,</span> <span class='ocrx_word' id='word_1_259' title='bbox 861 1982 927 2023; x_wconf 86' lang='lat' dir='ltr'>eui</span> <span class='ocrx_word' id='word_1_260' title='bbox 955 1995 1081 2034; x_wconf 88' lang='lat' dir='ltr'>neque</span> <span class='ocrx_word' id='word_1_261' title='bbox 1110 1982 1167 2023; x_wconf 83' lang='lat' dir='ltr'>acl</span> <span class='ocrx_word' id='word_1_262' title='bbox 1194 1982 1437 2034; x_wconf 81' lang='lat' dir='ltr'>voluptatem</span> 
     </span>
     <span class='ocr_line' id='line_1_33' title="bbox 89 2040 1436 2093; baseline 0 -12"><span class='ocrx_word' id='word_1_263' title='bbox 89 2041 311 2093; x_wconf 76' lang='lat' dir='ltr'>quidquam</span> <span class='ocrx_word' id='word_1_264' title='bbox 342 2041 471 2092; x_wconf 80' lang='lat' dir='ltr'>defuit</span> <span class='ocrx_word' id='word_1_265' title='bbox 505 2054 631 2092; x_wconf 86' lang='lat' dir='ltr'>neque</span> <span class='ocrx_word' id='word_1_266' title='bbox 667 2041 723 2081; x_wconf 79' lang='lat' dir='ltr'>acl</span> <span class='ocrx_word' id='word_1_267' title='bbox 747 2041 929 2093; x_wconf 74' lang='lat' dir='ltr'>qratiam</span> <span class='ocrx_word' id='word_1_268' title='bbox 959 2053 1084 2092; x_wconf 89' lang='lat' dir='ltr'>neque</span> <span class='ocrx_word' id='word_1_269' title='bbox 1114 2041 1171 2082; x_wconf 85' lang='lat' dir='ltr'>ad</span> <span class='ocrx_word' id='word_1_270' title='bbox 1199 2040 1346 2082; x_wconf 84' lang='lat' dir='ltr'>bonam</span> <span class='ocrx_word' id='word_1_271' title='bbox 1375 2041 1436 2082; x_wconf 87' lang='lat' dir='ltr'>in-</span> 
     </span>
     <span class='ocr_line' id='line_1_34' title="bbox 91 2098 1438 2152; baseline 0 -12"><span class='ocrx_word' id='word_1_272' title='bbox 91 2102 320 2152; x_wconf 76' lang='lat' dir='ltr'>teqramque</span> <span class='ocrx_word' id='word_1_273' title='bbox 348 2098 648 2140; x_wconf 68' lang='lat' dir='ltr'>valetudinemi2</span> <span class='ocrx_word' id='word_1_274' title='bbox 678 2112 778 2139; x_wconf 87' lang='lat' dir='ltr'>nam</span> <span class='ocrx_word' id='word_1_275' title='bbox 802 2102 840 2140; x_wconf 88' lang='lat' dir='ltr'>ct</span> <span class='ocrx_word' id='word_1_276' title='bbox 861 2100 1047 2151; x_wconf 79' lang='lat' dir='ltr'>praediis</span> <span class='ocrx_word' id='word_1_277' title='bbox 1071 2099 1438 2151; x_wconf 86' lang='lat' dir='ltr'>quaestuosissimis</span> 
     </span>
     <span class='ocr_line' id='line_1_35' title="bbox 90 2158 1438 2211; baseline 0.001 -13"><span class='ocrx_word' id='word_1_278' title='bbox 90 2161 128 2198; x_wconf 86' lang='lat' dir='ltr'>et</span> <span class='ocrx_word' id='word_1_279' title='bbox 150 2158 295 2199; x_wconf 87' lang='lat' dir='ltr'>amicis</span> <span class='ocrx_word' id='word_1_280' title='bbox 321 2158 637 2210; x_wconf 82' lang='lat' dir='ltr'>iucundissimis,</span> <span class='ocrx_word' id='word_1_281' title='bbox 665 2160 864 2210; x_wconf 82' lang='lat' dir='ltr'>quantum</span> <span class='ocrx_word' id='word_1_282' title='bbox 890 2158 1019 2211; x_wconf 82' lang='lat' dir='ltr'>libuit,</span> <span class='ocrx_word' id='word_1_283' title='bbox 1043 2158 1268 2199; x_wconf 81' lang='lat' dir='ltr'>abundavit</span> <span class='ocrx_word' id='word_1_284' title='bbox 1291 2161 1329 2199; x_wconf 88' lang='lat' dir='ltr'>et</span> <span class='ocrx_word' id='word_1_285' title='bbox 1351 2158 1438 2199; x_wconf 86' lang='lat' dir='ltr'>illis</span> 
     </span>
     <span class='ocr_line' id='line_1_36' title="bbox 38 2216 1437 2269; baseline 0 -12"><span class='ocrx_word' id='word_1_286' title='bbox 38 2226 72 2253; x_wconf 79' lang='lat'>⁸⁵</span> <span class='ocrx_word' id='word_1_287' title='bbox 91 2216 276 2258; x_wconf 86' lang='lat' dir='ltr'>omnibus</span> <span class='ocrx_word' id='word_1_288' title='bbox 306 2217 514 2269; x_wconf 83' lang='lat' dir='ltr'>aptissime</span> <span class='ocrx_word' id='word_1_289' title='bbox 544 2217 600 2258; x_wconf 80' lang='lat' dir='ltr'>acl</span> <span class='ocrx_word' id='word_1_290' title='bbox 623 2216 794 2257; x_wconf 87' lang='lat' dir='ltr'>salutem</span> <span class='ocrx_word' id='word_1_291' title='bbox 822 2216 999 2269; x_wconf 87' lang='lat' dir='ltr'>eorporis</span> <span class='ocrx_word' id='word_1_292' title='bbox 1029 2229 1130 2257; x_wconf 88' lang='lat' dir='ltr'>usus</span> <span class='ocrx_word' id='word_1_293' title='bbox 1160 2218 1233 2269; x_wconf 87' lang='lat' dir='ltr'>est,</span> <span class='ocrx_word' id='word_1_294' title='bbox 1264 2216 1437 2269; x_wconf 85' lang='lat' dir='ltr'>eiusque,</span> 
     </span>
     <span class='ocr_line' id='line_1_37' title="bbox 89 2274 1436 2327; baseline -0.001 -11"><span class='ocrx_word' id='word_1_295' title='bbox 89 2278 137 2316; x_wconf 87' lang='lat' dir='ltr'>ut</span> <span class='ocrx_word' id='word_1_296' title='bbox 165 2275 332 2317; x_wconf 86' lang='lat' dir='ltr'>breviter</span> <span class='ocrx_word' id='word_1_297' title='bbox 363 2277 490 2316; x_wconf 89' lang='lat' dir='ltr'>totum</span> <span class='ocrx_word' id='word_1_298' title='bbox 520 2275 728 2327; x_wconf 77' lang='lat' dir='ltr'>explicem,</span> <span class='ocrx_word' id='word_1_299' title='bbox 765 2287 881 2316; x_wconf 89' lang='lat' dir='ltr'>omne</span> <span class='ocrx_word' id='word_1_300' title='bbox 910 2274 1145 2316; x_wconf 86' lang='lat' dir='ltr'>institutum</span> <span class='ocrx_word' id='word_1_301' title='bbox 1174 2275 1436 2316; x_wconf 84' lang='lat' dir='ltr'>voluntatem-</span> 
     </span>
     <span class='ocr_line' id='line_1_38' title="bbox 89 2334 1188 2386; baseline 0 -12"><span class='ocrx_word' id='word_1_302' title='bbox 89 2346 164 2386; x_wconf 84' lang='lat' dir='ltr'>que</span> <span class='ocrx_word' id='word_1_303' title='bbox 195 2347 350 2375; x_wconf 83' lang='lat' dir='ltr'>omnem</span> <span class='ocrx_word' id='word_1_304' title='bbox 381 2334 572 2374; x_wconf 87' lang='lat' dir='ltr'>successio</span> <span class='ocrx_word' id='word_1_305' title='bbox 595 2346 794 2386; x_wconf 85' lang='lat' dir='ltr'>prospera</span> <span class='ocrx_word' id='word_1_306' title='bbox 824 2336 1031 2374; x_wconf 84' lang='lat' dir='ltr'>consecuta</span> <span class='ocrx_word' id='word_1_307' title='bbox 1060 2336 1128 2374; x_wconf 88' lang='lat' dir='ltr'>est.</span> <span class='ocrx_word' id='word_1_308' title='bbox 1185 2357 1188 2360; x_wconf 88' lang='lat'><strong>·</strong></span> 
     </span>
     <span class='ocr_line' id='line_1_39' title="bbox 163 2406 1219 2436; baseline 0.003 -3"><span class='ocrx_word' id='word_1_309' title='bbox 163 2407 234 2434; x_wconf 80' lang='lat'>010.</span> <span class='ocrx_word' id='word_1_310' title='bbox 254 2408 308 2434; x_wconf 84' lang='lat' dir='ltr'>IV.</span> <span class='ocrx_word' id='word_1_311' title='bbox 328 2409 354 2433; x_wconf 84' lang='lat'>3.</span> <span class='ocrx_word' id='word_1_312' title='bbox 1177 2406 1219 2436; x_wconf 74' lang='lat'>‘21</span> 
     </span>
    </p>
   </div>
  </div>
 </body>
</html>
