1663 2490
531 93 632 129 CAP.
659 97 786 129 9—11.
830 96 850 136 ς
875 97 1026 128 32—37.
1366 94 1451 136 175

71 250 73 254 Α
107 202 405 258 cupiditatem,
445 200 490 242 in
527 201 703 256 optimis
742 200 981 255 quibusque
1019 199 1196 242 honoris
1234 204 1451 243 certamen

108 264 150 303 et
194 260 376 316 gloriae3
420 273 471 301 ex
514 273 597 313 quo
636 259 884 301 inimicitias
922 259 1132 300 maximas
1171 273 1297 314 saepe
1337 260 1451 301 inter

107 318 390 361 amicissimos
430 318 657 360 exstitisse.
719 318 879 374 Magna
917 318 1048 360 etiam
1081 317 1257 360 discidia
1290 320 1333 359 et
1364 319 1450 374 ple·
1475 331 1518 362 35

107 392 285 432 rumque
304 378 419 418 iusta
438 377 568 431 nasci,
593 391 689 418 cum
711 377 873 432 aliquid
892 377 946 419 ab
967 376 1128 431 amicis,
1152 377 1265 431 quod
1285 381 1450 418 rectum

71 449 86 473 5
106 451 194 478 non
224 438 356 490 esset,
392 436 705 490 postularetur,
745 438 794 477 ut
825 438 900 477 aut
931 435 1121 477 libidinis
1154 436 1344 476 ministri
1376 438 1451 477 aut

107 495 324 537 adiutores
369 497 514 535 essent
557 494 611 536 ad
653 494 874 549 iniuriam3
918 494 1031 549 quod
1075 494 1148 549 qui
1191 497 1451 549 recusarent,

107 554 303 609 quamvis
335 553 514 594 honeste
545 553 589 594 id
619 552 829 606 facerent,
860 553 926 594 ius
958 556 1105 595 tamen
1136 553 1351 595 amicitiae
1384 553 1450 595 de-

106 627 246 654 serere
271 614 554 668 arguerentur
581 612 634 654 ab
660 612 725 666 iis,
751 612 905 666 quibus
927 611 1106 666 obsequi
1124 612 1302 654 nollent.
1343 611 1450 654 Illos

106 675 262 722 autem,
290 671 362 725 qui
389 671 556 725 quidvis
584 671 638 712 ab
662 671 798 713 amico
820 671 1026 712 auderent
1046 671 1278 726 postulare,
1304 674 1450 726 postu-

55 743 87 768 ιο
106 730 269 772 latione
299 730 395 784 ipsa
425 729 621 786 profiteri
653 730 796 772 omnia
823 744 867 771 se
893 730 1018 771 amici
1044 744 1173 772 causa
1199 744 1291 771 esse
1316 729 1450 772 factu-

106 803 190 831 ros.
249 788 413 830 Eorum
452 789 627 843 querela
663 789 903 830 inveterata
939 803 1027 830 non
1064 789 1191 830 modo
1228 788 1451 830 familiari-

106 851 220 889 tates
246 847 462 903 exstingui
487 847 636 901 solere,
663 847 736 889 sed
762 847 860 889 odia
884 847 1015 888 etiam
1036 847 1158 903 gigni
1178 847 1450 902 sempiterna.

106 906 225 948 Haec
243 906 306 947 ita
326 907 464 947 multa
484 906 608 960 quasi
626 906 718 948 fata
737 906 965 961 inpendere
992 905 1206 961 amicitiis,
1232 909 1280 947 ut
1307 907 1452 948 omnia

107 965 404 1020 subterfugere
429 978 518 1006 non
542 965 668 1007 modo
695 965 944 1020 sapientiae,
970 964 1044 1006 sed
1070 965 1202 1006 etiam
1226 965 1450 1007 felicitatis

57 1036 89 1062 1⁵
112 1024 271 1066 diceret
303 1023 386 1064 sibi
416 1022 564 1065 videri.

195 1081 333 1131 Quam
358 1082 413 1124 ob
429 1078 536 1124 'rem
561 1082 605 1123 id
630 1082 817 1136 primum
842 1081 1075 1134 videamus,
1107 1082 1145 1123 si
1168 1082 1324 1137 placet,
1350 1097 1450 1137 qua·
1468 1072 1520 1153 13}

105 1145 231 1183 tenus
263 1155 385 1183 amor
414 1140 460 1181 in
491 1140 685 1182 amicitia
721 1140 924 1196 progredi
961 1140 1127 1182 debeat.
1188 1140 1377 1192 Numne,
1415 1142 1451 1183 si

107 1199 361 1243 Coriolanus
392 1199 545 1241 habuit
571 1200 750 1254 amicos,
779 1199 891 1241 ferre
922 1202 1073 1241 contra
1104 1199 1293 1254 patriam
1331 1215 1452 1242 arma

105 1259 172 1300 illi
203 1274 299 1301 cum
325 1257 557 1300 Coriolano
590 1258 857 1300 debuerunt?
888 1273 992 1300 num
1023 1257 1291 1300 Vecellinum
1323 1259 1449 1301 amici

53 1331 87 1356 20
106 1332 288 1374 regnum
319 1317 605 1372 adpetentem,
634 1332 738 1358 num
769 1316 973 1361 Maelium
1006 1317 1244 1359 debuerunt
1274 1317 1450 1360 iuvare?

106 1376 200 1418 Tib.
250 1376 421 1431 quidem
465 1375 706 1418 Gracchum
749 1390 840 1418 rem
888 1376 1107 1431 publicam
1150 1379 1380 1418 vexantem
1425 1392 1450 1418 a
1477 1389 1517 1420 37

107 1435 154 1485 Q.
185 1434 411 1477 Tuberone
443 1435 778 1489 aequalibusque
810 1435 959 1476 amicis
997 1435 1248 1477 derelictum
1279 1435 1450 1477 videba-

108 1509 215 1536 mus.
258 1495 319 1535 At
338 1493 384 1536 O.
403 1493 600 1536 Blossius
621 1493 850 1548 Cumanus,
875 1494 1033 1549 hospes
1058 1493 1250 1536 familiae
1270 1498 1451 1550 vestrae,

107 1551 325 1607 Scaevola,
350 1567 481 1608 quom
507 1553 561 1595 ad
580 1567 660 1608 me,
680 1553 793 1607 quod
814 1552 988 1594 aderam
1006 1552 1187 1594 Laenati
1212 1556 1255 1595 et
1274 1553 1450 1609 Rupilio

53 1624 86 1650 25
106 1612 356 1654 consulibus
386 1611 433 1653 in
463 1612 661 1666 consilio,
699 1611 972 1667 deprecatum
1002 1612 1210 1667 venisset,
1241 1612 1371 1666 hanc,
1402 1615 1451 1654 ut

106 1671 191 1713 sibi
226 1671 512 1726 ignoscerem,
555 1685 729 1713 causam
774 1670 1012 1726 adferebat,
1055 1670 1170 1725 quod
1206 1671 1319 1712 tanti
1356 1671 1449 1713 Tib.

107 1729 348 1772 Gracchum
372 1729 558 1783 fecisset,
589 1732 652 1785 ut,
683 1729 888 1784 quidquid
913 1730 988 1771 ille
1012 1730 1158 1785 vellet,
1188 1730 1270 1772 sibi
1294 1729 1450 1772 facien—

107 1789 207 1830 dum
238 1791 423 1844 putaret.
485 1788 595 1830 Tum
628 1802 727 1844 ego:
759 1787 1035 1843 ‘Etiamne‚
1067 1788 1110 1830 si
1140 1790 1190 1831 te
1220 1789 1272 1830 in
1303 1788 1450 1844 Capi-

106 1848 290 1890 tolium
320 1847 461 1891 faces
492 1847 627 1889 ferre
659 1847 870 1889 vellet‘?'
927 1847 1266 1903 ‘Numquam',
1296 1847 1450 1903 inquit,

53 1906 384 1949 ao‘voluisset
414 1907 464 1948 id
495 1906 713 1961 quidem;
751 1906 836 1947 sed
873 1906 916 1948 si
946 1907 1222 1961 voluisset,
1252 1907 1449 1962 paruis-

107 1964 235 2007 sem.'
278 1964 460 2020 Videtis,
487 1980 615 2020 quam
639 1965 805 2007 nefaria
830 1966 929 2007 vox!
979 1965 1038 2007 Et
1062 1966 1234 2008 hercule
1259 1965 1322 2007 ita
1347 1965 1450 2008 fecit

106 2025 174 2066 vel
205 2025 303 2079 plus
336 2025 478 2078 etiam,
511 2039 640 2079 quam
673 2024 797 2078 dixit3
833 2039 921 2066 non
959 2025 1071 2066 enim
1108 2024 1254 2080 paruit
1284 2024 1359 2066 ille
1385 2024 1448 2067 Ti.

107 2082 289 2125 Gracchi
320 2083 569 2138 temeritati,
601 2083 674 2124 sed
700 2083 897 2138 praefuit,
928 2098 1006 2126 nec
1032 2098 1077 2125 se
1105 2084 1305 2126 comitem
1331 2084 1448 2125 illius

106 2141 276 2197 furoris,
302 2143 375 2184 sed
401 2143 549 2185 ducem
575 2142 785 2197 praebuit.
829 2142 980 2196 Itaque
1006 2143 1087 2185 hac
1113 2143 1301 2184 amentia
1324 2157 1448 2197 quae-

54 2212 86 2238 35
108 2200 246 2242 stione
277 2215 390 2243 nova
420 2201 675 2257 perterritus
707 2202 752 2242 in
783 2200 935 2242 Asiam
965 2201 1182 2257 profugit,
1214 2201 1267 2243 ad
1298 2202 1446 2243 hostes

106 2274 150 2300 se
183 2260 378 2314 contulit,
408 2275 569 2315 poenas
601 2260 663 2301 rei
694 2260 891 2315 publicae
924 2274 1077 2316 graves
1106 2261 1328 2315 iustasque
1355 2275 1448 2316 per-

106 2318 247 2361 solvit.
308 2317 442 2361 Nulla
479 2322 545 2361 est
580 2319 715 2375 igitur
752 2320 970 2362 excusatio
1010 2320 1196 2376 peccati,
1239 2319 1276 2361 si
1320 2319 1447 2362 amici
