1673 2505
458 98 734 134 PHILOSOPH.
760 99 798 134 F.
826 100 839 134 I
866 104 990 135 5—11.
1309 100 1392 140 309

56 207 359 264 propuqnacula
380 211 728 261 praepararentur
752 221 781 249 e.
804 221 839 260 q.
864 221 894 249 s.
920 207 971 261 (§
997 207 1043 260 7)
1068 206 1182 247 Haec
1208 208 1253 247 in
1281 206 1394 248 Oeco-

58 268 205 310 nimico
235 266 460 319 Xenophon
490 270 528 307 et
556 267 695 308 deinde
720 265 865 316 Cicero,
896 267 966 318 qui
991 279 1080 306 eum
1105 265 1282 306 Latinae
1307 278 1394 306 con-

57 326 262 369 suetudini
293 325 479 374 tradidit,
510 338 593 366 non
623 325 822 366 inutiliter
853 326 1137 366 disseruerunt.

150 384 213 425 10.
251 382 404 425 Colum.
442 383 547 424 XII
576 386 617 425 2.
655 387 790 425 6—3.
822 386 849 424 4
886 383 1016 435 (Xen.
1054 386 1091 425 9.
1124 382 1294 435 6—10)
1331 381 1395 423 De

25 455 40 480 5
59 442 201 496 quibus
232 442 416 483 omn-ibus
440 442 502 483 M.
523 440 658 484 Cicero
683 443 962 483 auctoritatem
986 441 1265 494 Xenophontis
1289 454 1395 482 secu-

60 505 123 542 tus
158 502 204 542 in
243 500 497 542 Oeconomico
534 502 591 542 sic
634 501 789 542 inducit
824 501 1131 542 Ischomachum
1173 500 1395 541 sciscitanti

59 559 219 601 Socrati
246 563 505 600 narrantem:
547 558 815 612 Praeparatis
845 560 998 601 idoneis
1029 559 1124 601 locis
1154 559 1395 600 instrumen-

60 622 146 659 tum
175 621 212 659 et
240 618 520 671 supellectilem
550 618 786 660 distribuere
816 619 1027 671 coepimus,
1061 632 1109 659 ac
1136 618 1319 670 primum
1349 630 1396 658 ea

59 677 313 727 secrevimus,
355 677 498 729 quibus
535 677 591 718 ad
624 690 687 718 res
723 677 884 718 divinas
926 678 989 718 uti
1029 677 1218 730 solemus,
1256 679 1397 729 postea

8 748 41 773 10
59 736 258 777 mundum
281 735 526 785 muliebrem,
550 736 621 788 qui
639 735 695 776 ad
711 736 795 777 dies
817 735 939 786 festos
958 738 1230 788 comparatur,
1255 735 1398 776 deinde

59 795 116 836 ad
144 794 245 835 bella
275 794 450 847 virilem,
490 795 585 835 item
622 795 779 836 dicrum
815 795 1070 836 sollemnium
1107 797 1298 835 ornatum
1328 806 1398 834 nec

59 854 196 894 minus
226 853 488 894 calciamenta
518 854 678 906 utrique
707 854 822 894 sexui
858 854 1151 902 convenientia;
1190 856 1275 893 tum
1313 853 1398 893 iam

58 925 238 953 seorsum
280 925 401 953 arma
443 925 490 953 ac
528 912 605 953 tela
641 912 930 964 seponebantur
967 915 1004 953 et
1037 913 1084 953 in
1119 912 1249 953 altera
1281 913 1399 964 parte

59 971 346 1024 instrumenta,
383 970 526 1023 quibus
561 971 618 1012 ad
647 971 830 1023 lanificia
859 974 1042 1012 utuntur.
1103 970 1217 1015 Post,
1255 970 1399 1023 quibus

8 1041 41 1066 15
60 1030 116 1070 ad
145 1030 277 1070 cibum
308 1030 626 1082 comparandum
656 1031 765 1071 vasis
793 1030 855 1070 uti
887 1030 1078 1083 assolent,
1109 1029 1398 1071 constitueban-

61 1091 145 1138 tur,
183 1089 292 1140 inde,
329 1101 430 1140 quae
466 1089 522 1129 ad
557 1089 815 1141 lavationem,
859 1097 960 1140 quae
997 1089 1053 1129 ad
1088 1088 1399 1137 exornationem,

60 1159 162 1199 quae
192 1147 248 1188 ad
276 1159 457 1188 mensam
482 1147 729 1188 cotidianam
753 1150 871 1199 atque
896 1147 1164 1199 epulationem
1182 1147 1400 1199 pertinent,

60 1205 369 1258 exponebantur.
412 1204 558 1247 Postea
582 1218 631 1247 ex
658 1206 722 1256 iis,
753 1205 896 1258 quibus
926 1207 1067 1247 cotidie
1097 1206 1265 1259 utimur,
1295 1205 1401 1258 quod

61 1267 313 1306 menstruum
348 1267 460 1314 esset,
497 1265 762 1317 seposuimus,
803 1278 989 1305 annuum
1025 1278 1179 1317 quoque
1216 1265 1261 1305 in
1297 1265 1400 1305 duas

9 1336 42 1360 20
56 1326 196 1376 partes
226 1323 439 1365 divisimus
447 1336 460 1372 ,·
492 1336 591 1364 nam
621 1324 678 1364 sic
708 1324 846 1364 minus
874 1323 997 1376 fallit,
1027 1324 1098 1376 qui
1128 1324 1259 1364 exitus
1287 1322 1400 1375 futu-

60 1394 133 1423 rus
157 1382 220 1423 sit.
264 1381 380 1423 Haec
396 1385 614 1434 postquam
639 1383 777 1424 onmia
801 1383 1047 1435 secrevimus,
1077 1385 1162 1423 tum
1186 1395 1259 1423 suo
1283 1395 1400 1434 quae-

60 1453 135 1494 que
166 1441 246 1482 loco
271 1441 562 1493 disposuimus;
595 1442 746 1491 deinde,
777 1441 922 1493 quibus
946 1442 1086 1482 cotidie
1110 1441 1258 1482 servuli
1281 1444 1401 1482 utun-

63 1503 140 1552 tur,
171 1513 274 1552 quae
304 1500 360 1541 ad
389 1500 583 1552 lanificia,
614 1514 717 1552 quae
746 1501 803 1541 ad
831 1500 987 1541 cibaria
1017 1501 1221 1552 coquenda
1251 1503 1288 1541 et
1310 1513 1400 1541 con-

61 1558 234 1611 ficienda
252 1559 466 1611 pertinent,
491 1559 586 1600 haec
610 1560 720 1611 ipsis,
745 1560 815 1611 qui
840 1560 892 1600 iis
916 1559 978 1600 uti
994 1559 1131 1613 solent,
1158 1559 1402 1600 tradidimus

11 1628 45 1654 25
64 1620 116 1670 et,
154 1617 225 1658 ubi
255 1631 302 1658 ea
329 1621 532 1670 ponerent,
563 1618 925 1659 demonstravimus
955 1621 1007 1667 et,
1044 1621 1090 1658 ut
1119 1618 1234 1659 sali-a
1264 1621 1403 1671 essent,

55 1677 348 1729 praecepimus.
393 1676 546 1728 Quibus
571 1680 705 1717 autem
730 1677 786 1718 ad
809 1677 891 1718 dies
913 1677 1035 1728 festos
1059 1679 1096 1717 et
1120 1678 1176 1718 ad
1199 1677 1402 1730 hospitum

63 1735 279 1776 adventum
297 1735 454 1776 utimur
472 1739 508 1777 et
526 1737 582 1777 acl
601 1736 799 1788 quaedam
824 1749 925 1776 rara
949 1736 1119 1788 neqotia,
1143 1735 1238 1777 haec
1255 1749 1401 1789 promo

65 1794 310 1836 tradidimus
340 1797 377 1835 et
407 1795 492 1836 loca
517 1795 698 1836 omnium
723 1796 1085 1836 demonstravimus
1109 1797 1146 1836 et
1169 1796 1308 1836 omnia
1332 1795 1403 1835 ad-

63 1853 367 1895 numeravimus
389 1857 506 1906 atque
530 1854 800 1895 adnumerata
824 1854 904 1906 ipsi
928 1854 1214 1906 exscripsimus
1238 1867 1403 1906 eumque

13 1922 47 1948 8⁰
64 1912 362 1963 admonuimus,
380 1916 436 1962 ut,
459 1913 730 1965 quodcumque
749 1926 847 1966 opus
871 1916 978 1965 esset,
1002 1914 1130 1964 sciret,
1155 1914 1260 1954 invide
1278 1913 1403 1962 daret,

64 1973 101 2011 et
128 1971 375 2013 meminisset
397 1975 515 2024 atque
539 1972 761 2021 adnotaret,
791 1972 891 2024 quid
920 1975 957 2012 et
986 1972 1147 2024 quando
1179 1974 1215 2013 et
1244 1972 1311 2012 cui
1341 1972 1402 2012 de-

64 2029 200 2082 disset,
231 2032 284 2080 et,
319 2043 409 2071 cum
438 2031 658 2083 recepisset,
695 2034 741 2071 ut
769 2031 943 2083 quidque
972 2044 1044 2071 suo
1077 2031 1158 2072 loco
1187 2033 1402 2083 reponeret.

154 2089 219 2130 11.
257 2087 410 2131 Colum.
447 2088 525 2130 XI
555 2093 591 2130 1.
629 2091 655 2130 5
692 2089 823 2141 (Xen.
859 2092 926 2131 12.
963 2089 1010 2142 3)
1052 2088 1109 2130 In
1148 2088 1403 2131 Oeconomico

64 2145 353 2201 Xenophontis,
377 2161 493 2201 quem
517 2148 580 2190 M.
600 2147 735 2190 Cicero
753 2148 905 2189 Latino
930 2149 1106 2189 sermoni
1131 2149 1312 2198 tradidit,
1340 2149 1404 2189 vir

14 2215 47 2242 35
65 2207 243 2259 eqreqius
272 2206 341 2248 ille
369 2206 654 2249 Ischomachus
685 2207 947 2249 Atheniensis
976 2210 1141 2261 roqatus
1171 2221 1198 2248 a
1228 2206 1404 2256 Socrate,

63 2267 272 2315 utrumne,
308 2266 346 2306 si
374 2279 438 2307 res
466 2266 694 2317 familiaris
724 2266 1000 2319 desiderasset,
1035 2267 1210 2308 mercari
1239 2266 1404 2307 vilicum

65 2325 273 2376 tamquam
294 2324 460 2376 fabrum
485 2339 542 2366 an
566 2326 650 2378 ipse
675 2325 883 2367 instituere
902 2326 1167 2367 consueverit:
1193 2325 1282 2378 qu
1301 2337 1404 2374 vero,
