1611 2495
412 665 474 713 M.
515 665 705 713 TULLI
772 663 1098 713 CICERONIS

153 787 248 842 DE
292 786 582 844 OFFIOHS
626 787 721 841 AD
765 787 1062 843 MARCUM
1105 786 1349 842 FILIUM

553 925 712 964 LIBER
742 926 949 964 PRIMUS.

534 1113 974 1152 ARGUMENTUM.

174 1201 222 1236 M.
249 1202 393 1237 Tullius
425 1213 508 1236 cum
539 1203 748 1247 temporum
780 1201 979 1246 iniquitate
1018 1200 1064 1236 ab
1097 1201 1419 1237 administratione

83 1248 136 1285 rei
159 1249 331 1294 publicae
358 1249 528 1284 exclusus
554 1249 601 1284 ad
626 1249 887 1294 philosophiae
907 1248 1127 1294 scriptiones
1153 1248 1317 1284 studium
1336 1260 1421 1284 con—

82 1296 257 1332 vertisset
282 1298 320 1331 et
337 1296 473 1331 multas
493 1296 568 1331 iam
587 1296 829 1331 difficillimas
855 1296 901 1331 de
926 1295 1166 1341 philosophia
1185 1296 1419 1340 quaestiones

82 1343 324 1386 absolvisset,
357 1343 475 1378 altera
504 1345 610 1389 parte
647 1343 735 1378 anni
759 1344 846 1388 post
870 1342 947 1379 urb.
976 1343 1081 1379 cond.
1109 1347 1188 1387 710,
1215 1343 1260 1378 de
1287 1343 1419 1378 officiis

82 1401 175 1435 quae
203 1401 268 1425 sua
292 1392 392 1426 esset
416 1391 620 1435 sententia,
647 1390 806 1425 Graecos
832 1392 1000 1425 auctores
1025 1390 1257 1435 maximeque
1282 1390 1420 1425 Panae-

81 1437 176 1472 tium
201 1439 349 1472 secutus
376 1437 607 1472 conscribere
628 1437 752 1482 coepit
777 1439 815 1472 et
832 1437 872 1471 id
891 1439 1149 1482 argumentum
1168 1437 1287 1472 tribus
1312 1437 1419 1472 libris

81 1484 343 1530 pertractavit,
371 1496 461 1529 quos
487 1484 592 1519 misit
617 1484 664 1518 ad
689 1485 736 1519 M.
763 1484 897 1527 filium,
925 1485 987 1528 qui
1012 1487 1091 1519 tum
1116 1484 1273 1519 Athenis
1298 1484 1419 1530 philo-

82 1531 235 1576 sophiae
261 1531 425 1566 studium
451 1531 606 1566 colebat.
651 1531 706 1566 Ao
730 1531 849 1576 primo
870 1531 1019 1576 quidem
1038 1531 1134 1566 libro
1154 1531 1271 1566 filium
1291 1532 1419 1567 cohor-

81 1580 193 1621 tatus,
207 1579 251 1613 ut
267 1589 342 1613 non
362 1578 504 1613 solum'
495 1591 533 1613 in
547 1578 796 1623 philosophia,
812 1590 939 1613 verum
959 1579 1100 1614 etiam'
1090 1591 1129 1613 in
1149 1579 1299 1613 dicendi
1319 1590 1420 1614 exer—

82 1625 260 1660 citatione
281 1637 364 1660 cum
378 1625 528 1660 Graecis
542 1625 676 1660 Latina
695 1637 840 1670 semper
860 1625 1101 1671 coniungeret
1121 1627 1158 1661 et
1177 1637 1283 1662 suum
1301 1626 1418 1671 patris

82 1673 289 1724 exemplum
309 1675 534 1717 sequeretur,
561 1674 602 1707 ut
620 1683 747 1718 parem
767 1672 915 1707 dicendi
942 1673 1087 1718 copiam
1112 1673 1150 1707 in
1175 1674 1331 1717 utroque
1357 1685 1419 1718 ge-

81 1730 167 1754 nere
193 1718 388 1761 orationis‚
421 1722 459 1754 et
489 1719 561 1755 hoc
594 1719 724 1755 sedato
756 1719 972 1772 disputandi
1004 1722 1042 1755 et
1066 1720 1132 1755 illo
1157 1719 1295 1755 forensi
1322 1731 1418 1756 com-

80 1766 249 1809 motiore,
276 1766 347 1801 sibi
367 1769 599 1812 compararet
618 1768 711 1812 (cap.
736 1769 780 1810 1),
803 1779 963 1812 primum
981 1767 1215 1812 propositum
1235 1778 1351 1811 suum,
1377 1768 1419 1802 ut

82 1813 127 1848 de
154 1813 286 1848 officiis
319 1813 367 1848 ad
392 1813 440 1847 M.
468 1814 584 1849 filium
616 1813 759 1858 aliquid
785 1814 1050 1858 conscriberet,
1083 1814 1253 1860 exponit,
1279 1814 1320 1849 in
1344 1825 1417 1859 quo

81 1871 120 1895 se
147 1860 291 1896 Stoicos
323 1860 558 1905 potissimum
590 1863 800 1896 secuturum
832 1873 911 1896 esse
943 1861 997 1896 ait
1023 1864 1114 1907 (cap.
1137 1866 1157 1896 2
1183 1866 1202 1904 g
1222 1863 1348 1906 4—6)‚
1381 1863 1419 1897 et

81 1907 212 1942 definit
235 1918 278 1942 ac
304 1907 442 1943 dividit
466 1908 640 1951 officium,
666 1908 838 1953 omnique
859 1908 1075 1953 quaestione
1096 1908 1135 1943 in
1155 1908 1317 1953 quinque
1336 1920 1417 1954 par—

80 1955 137 1989 tes
163 1954 283 1989 divisa
312 1954 471 2000 primum
504 1955 549 1990 de
582 1935 750 1999 hoiiesto,
784 1957 863 1990 tum
895 1955 940 1990 de
965 1956 1203 1991 honestorum
1230 1966 1417 2001 compara-

80 2001 198 2044 tione,
230 2002 316 2036 dein
346 2001 393 2036 de
422 2002 525 2045 utili,
555 2013 664 2047 porro
691 2002 735 2037 de
761 2002 908 2037 utilium
934 2002 1225 2048 comparatione,
1258 2002 1417 2047 denique

81 2048 127 2083 de
151 2049 300 2084 honesti
320 2050 358 2083 et
382 2048 498 2093 utilis,
525 2060 617 2093 quae
643 2049 814 2084 videatur
840 2060 928 2093 esse,
955 2049 1192 2084 contentione
1220 2049 1418 2085 dicendum

82 2106 161 2130 esse
187 2095 282 2130 dicit
310 2098 404 2141 (cap.
425 2100 459 2139 3,
479 2101 501 2131 4
527 2101 546 2138 ξ
566 2100 706 2141 7—10).
756 2098 850 2131 Τι1111
880 2096 951 2132 hoc
976 2097 1072 2132 libro
1097 2097 1257 2142 primum
1283 2097 1328 2132 de
1352 2097 1417 2132 ho-

81 2144 186 2177 nesto
212 2142 293 2188 agit
318 2146 411 2188 (cap.
431 2148 505 2177 4-
515 2145 591 2188 42),
622 2145 661 2178 et
691 2143 876 2189 explicata
901 2143 1049 2188 quidem
1073 2144 1246 2179 universa
1269 2144 1418 2179 honesti

80 2190 212 2224 natura
243 2192 336 2235 (cap.
357 2192 394 2234 4)
428 2201 509 2225 eam
546 2202 584 2224 111
616 2192 791 2235 quattuor
820 2192 944 2236 partes
980 2191 1134 2234 dividit,
1166 2202 1261 2236 quae
1291 2192 1330 2226 in
1361 2204 1417 2227 sa

81 2235 238 2280 pientia,
264 2236 425 2280 iustitia,
451 2236 688 2280 fortitudine,
713 2238 962 2283 temperantia
985 2238 1128 2284 positae
1150 2237 1227 2272 sint
1252 2240 1347 2284 (cap.
1368 2241 1416 2283 6).

81 2281 136 2317 De
173 2283 230 2318 his
266 2283 382 2329 igitur
418 2285 491 2319 iam
523 2284 741 2329 explicatius
773 2285 882 2329 dicit,
921 2287 959 2320 et
996 2285 1041 2320 de
1080 2285 1263 2330 sapientia
1294 2287 1334 2320 et
1363 2286 1417 2320 in·

151 2347 222 2374 010
241 2349 293 2376 1v.
313 2350 336 2375 3
1187 2349 1202 2380 1
