1663 2490
215 82 272 123 54
739 80 803 114 DE
830 79 1028 114 OFFICIIS

216 189 360 244 apium
392 189 588 230 examina
619 202 705 229 non
739 187 1037 243 fingendorum
1067 188 1265 229 favorum
1297 202 1426 230 causa
1456 202 1551 229 con-

215 250 462 303 gregantur,
495 247 579 300 sed,
611 262 707 288 cum
733 246 1056 302 congregabilia
1073 250 1229 288 natura
1255 246 1352 300 sint,
1383 247 1553 302 fingunt

213 306 349 360 favos,
381 306 440 348 sic
465 306 673 359 homines,
707 319 755 346 ac
780 305 917 346 multo
950 305 1080 346 etiam
1112 305 1251 360 magis
1279 307 1434 346 natura
1458 320 1553 347 con-

216 365 386 421 gregati
418 364 623 406 adhibent
655 363 811 418 agendi
841 363 1142 419 cogitandique
1169 364 1419 405 sollertiam.
1469 363 1553 405 Ita-

215 438 307 478 que,
332 423 417 464 nisi
443 438 492 465 ea
517 423 667 475 virtus,
694 436 801 475 quae
828 424 999 463 constat
1025 436 1074 463 ex
1100 422 1346 464 hominibus
1372 422 1553 476 tuendis,
1591 434 1607 458 5

213 482 258 523 id
295 485 361 523 est
398 496 448 523 ex
486 482 690 522 societate
734 480 901 536 generis
947 481 1140 534 humani,
1185 481 1375 536 attingat
1412 482 1554 535 cogni—

213 541 376 582 tionem
414 555 574 593 rerum,
619 539 816 594 solivaga
853 539 1043 594 cognitio
1083 543 1125 579 et
1168 539 1309 581 ieiuna
1347 539 1554 593 videatur,

213 600 401 653 itemque
440 597 692 653 magnitudo
732 597 864 638 animi
901 600 1067 639 remota
1111 598 1418 639 communitate
1459 612 1554 640 con-

213 658 514 711 iunctioneque
534 657 722 697 humana
740 656 888 697 feritas
910 656 966 697 sit
985 655 1194 710 quaedam
1227 659 1269 697 et
1294 657 1554 698 immanitas.

214 716 283 757 Ita
307 716 368 770 fit,
394 718 442 756 ut
467 716 612 756 vincat
638 715 896 770 cognitionis
924 714 1112 756 studium
1138 715 1399 757 consociatio
1419 715 1554 756 homi·
1576 727 1607 752 ιο

147 785 211 816 158
231 790 334 815 num
362 777 490 828 atque
517 774 812 815 communitas.
862 773 951 815 Nec
976 788 1124 815 verum
1151 776 1227 827 est,
1260 774 1374 828 quod
1399 774 1554 815 dicitur

215 849 239 874 a
284 833 557 887 quibusdam,
601 835 777 887 propter
820 832 1119 874 necessitatem
1163 832 1295 886 vitae,
1339 832 1452 886 quod
1493 847 1554 885 ea,

215 906 322 946 quae
365 895 521 933 natura
571 891 848 945 desideraret,
898 890 1099 945 consequi
1149 891 1240 932 sine
1285 891 1381 932 aliis
1426 894 1553 946 atque

215 951 380 992 efficere
412 965 498 991 non
529 964 764 1005 possemus,
795 949 951 991 idcirco
984 949 1136 991 initam
1169 964 1260 991 esse
1292 964 1387 991 cum
1419 950 1553 991 homi·

213 1010 339 1050 nibus
360 1009 712 1051 communitatem
733 1011 776 1050 et
796 1008 1064 1062 societatem,
1085 1008 1235 1062 quodsi
1257 1008 1400 1050 omnia
1416 1009 1553 1062 nobis,
1575 1020 1607 1045 1⁵

215 1083 323 1122 quae
362 1068 415 1109 ad
452 1068 612 1110 victum
650 1068 895 1121 cultumque
939 1067 1173 1121 pertinent,
1217 1068 1340 1121 quasi
1382 1068 1554 1122 virgula

215 1127 370 1181 divina,
402 1129 450 1168 ut
480 1127 611 1179 aiunt,
645 1126 1032 1181 suppeditarentur,
1063 1128 1156 1167 tum
1183 1126 1346 1180 optimo
1374 1126 1553 1180 quisque

212 1185 385 1241 ingenio
423 1185 609 1240 negotiis
652 1185 849 1226 omnibus
882 1184 1053 1226 omissis
1086 1187 1225 1226 totum
1259 1199 1302 1225 se
1334 1185 1378 1225 in
1411 1186 1553 1241 cogni-

213 1245 330 1286 tione
375 1246 417 1285 et
461 1244 639 1285 scientia
683 1244 925 1285 collocaret.
993 1242 1092 1284 Non
1136 1246 1200 1284 est
1244 1244 1323 1296 ita,
1365 1258 1465 1285 nam
1510 1247 1553 1285 et

214 1303 491 1345 solitudinem
529 1302 699 1358 fugeret
738 1305 779 1343 et
818 1302 979 1344 socium
1012 1302 1142 1343 studii
1181 1305 1422 1356 quaereret,
1460 1305 1552 1344 tum
1574 1314 1607 1338 ‘20

214 1362 362 1404 docere
382 1364 474 1402 tum
495 1361 654 1402 discere
680 1361 823 1413 vellet,
848 1364 940 1402 tum
967 1360 1112 1401 audire
1132 1363 1224 1401 tum
1245 1360 1393 1402 dicere.
1434 1360 1552 1416 Ergo

214 1435 338 1462 omne
377 1420 581 1474 officium,
626 1419 738 1474 quod
777 1419 829 1460 ad
868 1419 1207 1460 coniunctionem
1249 1419 1471 1461 hominum
1510 1423 1553 1460 et

214 1479 267 1521 ad
301 1479 549 1521 societatem
588 1478 791 1519 tuendam
831 1478 964 1532 valet,
1003 1477 1346 1532 anteponendum
1383 1481 1449 1519 est
1485 1478 1551 1519 illi

145 1565 199 1605 45
215 1537 375 1592 officio,
408 1537 521 1592 quod
553 1537 797 1592 cognitione
830 1539 873 1578 et
906 1536 1082 1578 scientia
1114 1536 1367 1578 continetur.

146 1616 210 1647 159
302 1596 413 1637 Illud
439 1596 624 1637 forsitan
650 1596 936 1650 quaerendum
964 1595 1031 1648 sit,
1063 1610 1165 1636 num
1190 1595 1295 1637 haec
1321 1596 1551 1637 communi-
1571 1606 1604 1632 25

213 1659 298 1709 tas,
337 1669 444 1709 quae
476 1655 659 1696 maxime
691 1657 757 1695 est
788 1657 890 1709 apta
926 1657 1123 1708 naturae,
1162 1653 1218 1695 sit
1250 1654 1380 1695 etiam
1412 1655 1551 1696 mode-

212 1714 371 1755 rationi
390 1713 708 1768 modestiaeque
729 1727 895 1768 semper
915 1712 1222 1767 anteponenda.
1272 1711 1314 1753 N
1317 1727 1371 1754 on
1391 1713 1550 1768 placet3

213 1775 314 1814 sunt
339 1773 451 1814 enim
478 1772 686 1826 quaedam
711 1772 870 1826 partim
898 1771 961 1812 ita
987 1771 1122 1824 foeda,
1153 1771 1312 1826 partim
1343 1772 1406 1813 ita
1431 1772 1550 1828 flagi-

212 1832 343 1885 tiosa,
386 1834 435 1873 ut
478 1845 527 1872 ea
563 1845 616 1872 ne
654 1830 968 1872 conservandae
1013 1830 1182 1885 quidem
1220 1830 1385 1885 patriae
1423 1846 1551 1873 causa

214 1890 383 1944 sapiens
414 1889 606 1931 facturus
632 1889 699 1930 sit.
747 1889 813 1930 Ea
838 1889 1091 1930 Posidonius
1119 1889 1294 1944 collegit
1324 1890 1550 1944 permulta,
1571 1901 1604 1926 30

216 1949 289 1990 sed
319 1949 381 1990 ita
412 1951 554 1990 taetra
586 1948 806 2003 quaedam,
838 1948 899 1989 ita
931 1949 1124 2002 obscena,
1156 1950 1204 1989 ut
1236 1948 1350 1989 dictu
1382 1963 1550 2003 quoque

213 2008 437 2049 videantur
459 2007 613 2062 turpia.
644 2006 763 2049 Haec
782 2007 915 2063 igitur
939 2021 1026 2048 non
1046 2006 1248 2061 suscipiet
1268 2007 1328 2047 rei
1353 2007 1550 2061 publicae

213 2080 358 2120 causa,
400 2081 453 2106 ne
496 2080 564 2107 res
607 2066 779 2121 publica
823 2066 991 2120 quidem
1029 2080 1106 2120 pro
1145 2079 1189 2106 se
1227 2065 1385 2120 suscipi
1422 2066 1550 2107 volet.

214 2123 295 2166 Sed
331 2124 413 2166 hoc
451 2125 714 2166 commodius
753 2140 797 2166 se
835 2139 902 2166 res
939 2124 1088 2178 habet,
1133 2123 1244 2178 quod
1282 2139 1367 2165 non
1404 2127 1550 2179 potest

214 2182 402 2225 accidere
445 2186 633 2238 tempus,
676 2186 724 2225 ut
766 2183 938 2225 intersit
980 2183 1041 2224 rei
1084 2183 1280 2237 publicae
1321 2183 1547 2237 quicquam
1569 2195 1601 2221 35

146 2252 211 2284 160
230 2242 402 2283 illorum
428 2241 567 2283 facere
595 2242 843 2297 sapientem.
888 2241 1027 2291 Quare
1052 2241 1133 2282 hoc
1160 2241 1329 2295 quidem
1353 2242 1548 2283 effectum

214 2301 281 2356 sit,
313 2301 356 2342 in
389 2300 541 2342 officiis
574 2301 808 2357 deligendis
835 2301 876 2342 id
905 2314 1036 2356 genus
1066 2299 1305 2341 officiorum
1332 2300 1550 2355 excellere,
1612 2336 1615 2339 ,
