1663 2490
534 76 634 111 CAP.
663 80 718 118 21,
744 80 799 110 22.
845 79 864 117 ς
891 78 1038 109 77—85.
1376 73 1455 114 189

118 187 262 242 diligit
293 188 336 226 et
367 185 552 226 alterum
580 184 780 237 anquirit,
806 183 924 224 cuius
951 181 1141 222 animum
1168 181 1229 221 ita
1255 195 1351 222 cum
1379 194 1455 222 suo

118 246 306 297 misceat,
337 245 387 284 ut
418 242 577 284 efficiat
609 257 742 296 paene
775 256 905 282 unum
938 254 987 281 ex
1020 240 1197 280 duobus.
1471 272 1522 312 2⁹·

205 302 287 344 Sed
317 301 510 356 plerique
536 315 748 355 perverse,
773 315 825 341 ne
849 300 986 341 dicam
1006 298 1272 353 inpudenter,
1297 296 1455 338 habere
1483 305 1522 354 8}

117 363 248 404 talem
282 361 466 402 amicum
498 360 668 412 volunt,
712 360 860 413 quales
898 358 980 413 ipsi
1013 371 1104 398 esse
1139 371 1226 398 non
1262 358 1455 410 possunt,

83 433 97 458 5
119 434 309 476 quaeque
342 418 424 473 ipsi
455 432 541 459 non
573 418 770 458 tribuunt
803 417 963 470 amicis,
994 416 1099 457 haec
1131 415 1186 456 ab
1219 415 1271 455 iis
1299 414 1457 455 deside-

118 482 228 521 rant.
270 478 354 519 Par
375 480 440 518 est
461 479 604 518 autem
626 477 811 531 primum
833 476 975 531 ipsum
1003 489 1094 516 esse
1120 474 1257 515 virum
1285 474 1457 525 bonum,

117 541 210 580 tum
234 537 418 578 alterum
440 536 625 576 similem
646 536 710 576 sui
733 549 946 589 quaerere.
990 534 1040 575 In
1060 533 1220 575 talibus
1241 547 1302 586 ea,
1329 546 1457 586 quam

116 597 203 638 iam
235 595 393 637 dudum
420 597 675 648 tractamus,
715 594 933 635 stabilitas
967 592 1181 634 amicitiae
1213 591 1457 633 confirmari

118 657 280 710 potest,
325 669 421 696 cum
464 653 659 695 homines
697 652 988 694 benivolentia
1019 650 1233 693 coniuncti
1272 650 1457 705 primum

69 726 99 750 ιο
118 713 426 769 cupiditatibus
464 712 536 766 iis,
578 712 731 766 quibus
764 711 892 753 ceteri
926 711 1136 763 serviunt,
1172 709 1459 764 imperabunt,

120 773 269 814 deinde
299 772 517 826 aequitate
537 771 787 824 iustitiaque
809 770 1069 825 gaudebunt,
1095 768 1322 822 omniaque
1349 767 1459 808 alter

120 846 196 887 pro
224 832 361 873 altero
389 830 604 885 suscipiet,
635 844 771 883 neque
798 829 1023 883 quicquam
1044 842 1249 882 umquam
1274 826 1358 868 nisi
1383 826 1459 867 ho-

119 894 289 932 nestum
329 892 372 930 et
408 893 574 931 rectum
614 889 723 930 alter
761 888 814 929 ab
853 888 990 929 altero
1022 886 1280 942 postulabit,
1322 899 1459 939 neque

120 950 261 991 solum
281 949 425 990 colent
445 948 556 989 inter
584 961 627 988 se
654 961 702 989 ac
728 946 921 1001 diligent,
948 945 1020 987 sed
1041 946 1171 986 etiam
1189 944 1458 986 verebuntur.

68 1018 98 1043 15
119 1007 233 1050 Nam
265 1006 513 1048 maxumum
545 1008 847 1047 ornamentum
880 1005 1094 1046 amicitiae
1125 1003 1261 1057 tollit,
1299 1003 1372 1057 qui
1410 1017 1458 1043 ex

119 1082 169 1109 ea
204 1066 323 1108 tollit
359 1065 670 1107 verecundiam.
731 1064 882 1118 Itaque
919 1063 964 1104 in
1000 1063 1053 1104 iis
1090 1062 1355 1117 perniciosus
1394 1065 1460 1102 est
1486 1067 1528 1098 83

120 1140 256 1179 error,
295 1124 367 1179 qui
405 1124 667 1165 existumant
699 1123 937 1164 lubidinum
974 1124 1332 1177 peccatorumque
1374 1134 1460 1161 om—

120 1185 237 1226 nium
268 1186 416 1239 patere
448 1183 493 1223 in
525 1182 716 1224 amicitia
747 1181 983 1235 licentiam3
1021 1180 1233 1221 virtutum
1271 1178 1460 1220 amicitia

121 1243 306 1285 adiutrix
338 1257 364 1284 a
393 1244 549 1283 natura
582 1241 682 1282 data
714 1243 797 1294 est,
836 1254 923 1281 non
960 1239 1165 1281 vitiorum
1203 1252 1363 1291 comes,
1400 1242 1460 1290 ut,

68 1313 100 1337 20
122 1302 324 1357 quoniam
351 1300 547 1342 solitaria
565 1314 651 1341 non
671 1301 818 1354 posset
837 1299 975 1340 virtus
997 1298 1049 1340 ad
1070 1312 1131 1351 ea,
1159 1312 1267 1352 quae
1293 1311 1461 1338 summa.

122 1364 238 1413 sunt,
276 1359 516 1415 pervenire,
559 1359 786 1401 coniuncta
824 1360 866 1399 et
903 1357 1149 1399 consociata
1186 1371 1282 1398 cum
1324 1356 1461 1397 altera

121 1419 374 1475 perveniret.
435 1417 552 1466 Quae
584 1418 620 1459 si
652 1432 759 1472 quos
796 1417 909 1458 inter
950 1416 1132 1458 societas
1171 1418 1247 1457 aut
1283 1417 1350 1456 est
1388 1418 1461 1456 aut

120 1479 204 1520 fuit
236 1481 310 1520 aut
341 1477 489 1519 futura
520 1479 598 1531 est,
630 1490 776 1518 eorum
808 1479 874 1517 est
905 1475 1126 1516 habendus
1159 1474 1213 1516 ad
1248 1488 1460 1515 summum

120 1540 300 1579 naturae
348 1537 509 1578 bonum
558 1538 760 1590 optumus
809 1535 1170 1589 beatissimusque
1219 1533 1461 1575 comitatus.

69 1607 102 1632 25
121 1596 241 1638 Haec
273 1598 349 1649 est,
381 1595 569 1649 inquam,
596 1594 791 1648 societas,
816 1594 861 1635 in
888 1608 972 1648 qua
998 1593 1142 1634 omnia
1167 1592 1326 1646 insunt,
1353 1606 1461 1646 quae
1488 1598 1530 1629 84

121 1658 278 1711 putant
308 1654 503 1696 homines
536 1653 784 1708 expetenda,
815 1653 1031 1706 honestas,
1064 1652 1223 1707 gloria,
1253 1651 1462 1705 tranquil-

122 1714 224 1755 litas
256 1713 389 1756 animi
421 1716 549 1767 atque
580 1712 838 1764 iucunditas,
870 1716 918 1753 ut
950 1714 1010 1766 et,
1043 1725 1138 1753 cum
1169 1710 1275 1752 haee
1307 1709 1462 1762 adsint,

123 1774 251 1815 beata
280 1772 372 1814 vita
402 1772 460 1813 sit
492 1774 535 1813 et
567 1771 656 1812 sine
688 1771 755 1812 his
788 1785 880 1812 esse
910 1785 998 1812 non
1024 1769 1175 1825 possit.
1220 1768 1342 1818 Quod
1366 1783 1462 1810 eum

125 1835 348 1887 optumum
392 1844 723 1884 maxumumque
767 1830 841 1883 sit,
883 1829 919 1870 si
955 1829 998 1870 id
1034 1829 1234 1870 volumus
1272 1827 1462 1883 adipisci,

71 1902 104 1928 ³⁰
122 1891 275 1933 virtuti
305 1904 436 1945 opera
461 1889 600 1931 danda
626 1892 703 1943 est,
735 1889 824 1930 sine
856 1903 940 1942 qua
965 1902 1042 1930 nec
1068 1887 1301 1929 amicitiam
1327 1901 1462 1941 neque

123 1950 258 1991 ullam
294 1964 386 1991 rem
423 1948 703 2004 expetendam
742 1947 943 2002 consequi
980 1960 1228 2002 possumus3
1272 1960 1321 1988 ea
1360 1960 1461 1987 vero

123 2009 320 2064 neglecta
364 2007 436 2062 qui
475 2022 520 2049 se
559 2007 718 2049 amicos
761 2006 919 2048 habere
959 2006 1242 2058 arbitrantur,
1286 2008 1379 2046 tum
1418 2019 1461 2045 se

125 2067 304 2122 denique
337 2081 500 2108 errasse
528 2067 731 2119 sentiunt,
763 2080 858 2107 cum
885 2079 957 2106 eos
985 2065 1129 2120 gravis
1156 2063 1312 2119 aliquis
1339 2077 1461 2106 casus

126 2126 306 2181 experiri
338 2126 466 2181 cogit.
510 2124 717 2174 Quocirca
748 2124 990 2179 (dicendum
1024 2126 1089 2165 est
1121 2123 1234 2165 enim
1263 2123 1461 2178 saepius).
1489 2130 1530 2160 85

73 2196 104 2221 ⁸5
126 2199 221 2227 cum
259 2185 477 2238 iudicaris,
521 2184 700 2240 diligere
738 2186 928 2239 oportet,
965 2197 1069 2233 non,
1112 2197 1209 2224 cum
1253 2181 1462 2225 dilexeris.

124 2244 321 2286 iudicare.
365 2242 448 2285 Sed
479 2258 575 2286 cum
603 2243 749 2284 multis
782 2243 824 2284 in
850 2243 977 2284 rebus
1009 2241 1285 2297 neglegentia
1316 2241 1462 2296 plecti-

128 2317 233 2354 mur,
265 2306 355 2344 tum
388 2303 571 2344 maxime
602 2302 647 2343 in
680 2302 826 2343 amicis
861 2305 902 2343 et
935 2301 1162 2356 diligendis
1190 2303 1232 2342 et
1259 2299 1462 2345 colendis·,
