<?xml version="1.0" encoding="UTF-8"?>
<!DOCTYPE html PUBLIC "-//W3C//DTD XHTML 1.0 Transitional//EN"
    "http://www.w3.org/TR/xhtml1/DTD/xhtml1-transitional.dtd">
<html xmlns="http://www.w3.org/1999/xhtml" xml:lang="en" lang="en">
 <head>
  <title>
</title>
<meta http-equiv="Content-Type" content="text/html;charset=utf-8" />
  <meta name='ocr-system' content='tesseract 3.04.00' />
  <meta name='ocr-capabilities' content='ocr_page ocr_carea ocr_par ocr_line ocrx_word'/>
</head>
<body>
  <div class='ocr_page' id='page_1' title='image "./p3scriptaquaemanse04ciceuoft_0130.png"; bbox 0 0 1663 2490; ppageno 0'>
   <div class='ocr_carea' id='block_1_1' title="bbox 146 453 184 485">
    <p class='ocr_par' dir='ltr' id='par_1_1' title="bbox 146 453 184 485">
     <span class='ocr_line' id='line_1_1' title="bbox 146 453 184 485; baseline -0.026 0"><span class='ocrx_word' id='word_1_1' title='bbox 146 453 184 485; x_wconf 78' lang='lat'>17</span> 
     </span>
    </p>
   </div>
   <div class='ocr_carea' id='block_1_2' title="bbox 145 980 185 1011">
    <p class='ocr_par' dir='ltr' id='par_1_2' title="bbox 145 980 185 1011">
     <span class='ocr_line' id='line_1_2' title="bbox 145 980 185 1011; baseline 0 0"><span class='ocrx_word' id='word_1_2' title='bbox 145 980 185 1011; x_wconf 85' lang='lat'>18</span> 
     </span>
    </p>
   </div>
   <div class='ocr_carea' id='block_1_3' title="bbox 213 42 1025 83">
    <p class='ocr_par' dir='ltr' id='par_1_3' title="bbox 213 42 1025 83">
     <span class='ocr_line' id='line_1_3' title="bbox 213 42 1025 83; baseline 0.002 -6"><span class='ocrx_word' id='word_1_3' title='bbox 213 43 269 83; x_wconf 83' lang='lat'>62</span> <span class='ocrx_word' id='word_1_4' title='bbox 736 43 799 78; x_wconf 87' lang='lat' dir='ltr'>DE</span> <span class='ocrx_word' id='word_1_5' title='bbox 826 42 1025 79; x_wconf 82' lang='lat' dir='ltr'><strong>OFFICHS</strong></span> 
     </span>
    </p>
   </div>
   <div class='ocr_carea' id='block_1_4' title="bbox 209 152 1582 2318">
    <p class='ocr_par' dir='ltr' id='par_1_4' title="bbox 211 152 1551 440">
     <span class='ocr_line' id='line_1_4' title="bbox 212 152 1550 208; baseline 0.002 -16"><span class='ocrx_word' id='word_1_6' title='bbox 212 166 308 192; x_wconf 86' lang='lat' dir='ltr'>rum</span> <span class='ocrx_word' id='word_1_7' title='bbox 352 152 483 194; x_wconf 87' lang='lat' dir='ltr'>etiam</span> <span class='ocrx_word' id='word_1_8' title='bbox 526 153 774 208; x_wconf 74' lang='lat' dir='ltr'>repentinae</span> <span class='ocrx_word' id='word_1_9' title='bbox 818 152 1124 206; x_wconf 69' lang='lat' dir='ltr'>multitudinis,</span> <span class='ocrx_word' id='word_1_10' title='bbox 1169 167 1349 207; x_wconf 89' lang='lat' dir='ltr'>quarum</span> <span class='ocrx_word' id='word_1_11' title='bbox 1386 153 1550 207; x_wconf 87' lang='lat' dir='ltr'>impetu</span> 
     </span>
     <span class='ocr_line' id='line_1_5' title="bbox 213 210 1550 266; baseline 0.001 -15"><span class='ocrx_word' id='word_1_12' title='bbox 213 210 336 252; x_wconf 89' lang='lat' dir='ltr'>docet</span> <span class='ocrx_word' id='word_1_13' title='bbox 356 211 563 264; x_wconf 85' lang='lat' dir='ltr'>quaedam</span> <span class='ocrx_word' id='word_1_14' title='bbox 583 211 806 253; x_wconf 89' lang='lat' dir='ltr'>hominum</span> <span class='ocrx_word' id='word_1_15' title='bbox 827 224 984 265; x_wconf 88' lang='lat' dir='ltr'>genera</span> <span class='ocrx_word' id='word_1_16' title='bbox 1004 225 1095 252; x_wconf 88' lang='lat' dir='ltr'>esse</span> <span class='ocrx_word' id='word_1_17' title='bbox 1115 213 1381 266; x_wconf 88' lang='lat' dir='ltr'>consumpta,</span> <span class='ocrx_word' id='word_1_18' title='bbox 1401 211 1550 253; x_wconf 87' lang='lat' dir='ltr'>deinde</span> 
     </span>
     <span class='ocr_line' id='line_1_6' title="bbox 212 269 1550 324; baseline 0.001 -14"><span class='ocrx_word' id='word_1_19' title='bbox 212 272 446 324; x_wconf 86' lang='lat' dir='ltr'>comparat,</span> <span class='ocrx_word' id='word_1_20' title='bbox 479 272 640 324; x_wconf 89' lang='lat' dir='ltr'>quanto</span> <span class='ocrx_word' id='word_1_21' title='bbox 666 271 809 324; x_wconf 90' lang='lat' dir='ltr'>plures</span> <span class='ocrx_word' id='word_1_22' title='bbox 839 269 968 310; x_wconf 88' lang='lat' dir='ltr'>deleti</span> <span class='ocrx_word' id='word_1_23' title='bbox 995 269 1082 310; x_wconf 88' lang='lat' dir='ltr'>sint</span> <span class='ocrx_word' id='word_1_24' title='bbox 1106 269 1300 311; x_wconf 90' lang='lat' dir='ltr'>homines</span> <span class='ocrx_word' id='word_1_25' title='bbox 1326 269 1550 311; x_wconf 89' lang='lat' dir='ltr'>hominum</span> 
     </span>
     <span class='ocr_line' id='line_1_7' title="bbox 211 327 1551 382; baseline 0.001 -14"><span class='ocrx_word' id='word_1_26' title='bbox 211 327 393 382; x_wconf 90' lang='lat' dir='ltr'>impetu,</span> <span class='ocrx_word' id='word_1_27' title='bbox 437 328 480 369; x_wconf 91' lang='lat' dir='ltr'>id</span> <span class='ocrx_word' id='word_1_28' title='bbox 523 331 589 370; x_wconf 89' lang='lat' dir='ltr'>est</span> <span class='ocrx_word' id='word_1_29' title='bbox 631 327 757 369; x_wconf 90' lang='lat' dir='ltr'>bellis</span> <span class='ocrx_word' id='word_1_30' title='bbox 802 330 876 368; x_wconf 90' lang='lat' dir='ltr'>aut</span> <span class='ocrx_word' id='word_1_31' title='bbox 919 327 1218 382; x_wconf 75' lang='lat' dir='ltr'>seditionibus,</span> <span class='ocrx_word' id='word_1_32' title='bbox 1261 341 1390 382; x_wconf 90' lang='lat' dir='ltr'>quam</span> <span class='ocrx_word' id='word_1_33' title='bbox 1434 328 1551 369; x_wconf 89' lang='lat' dir='ltr'>omni</span> 
     </span>
     <span class='ocr_line' id='line_1_8' title="bbox 211 386 670 440; baseline 0.002 -14"><span class='ocrx_word' id='word_1_34' title='bbox 211 386 380 440; x_wconf 86' lang='lat' dir='ltr'>reliqua</span> <span class='ocrx_word' id='word_1_35' title='bbox 411 387 670 428; x_wconf 89' lang='lat' dir='ltr'>calamitate.</span> 
     </span>
    </p>

    <p class='ocr_par' dir='ltr' id='par_1_5' title="bbox 209 444 1582 2318">
     <span class='ocr_line' id='line_1_9' title="bbox 301 444 1551 500; baseline 0 -14"><span class='ocrx_word' id='word_1_36' title='bbox 301 444 409 486; x_wconf 83' lang='lat' dir='ltr'>Cum</span> <span class='ocrx_word' id='word_1_37' title='bbox 452 445 585 500; x_wconf 87' lang='lat' dir='ltr'>igitur</span> <span class='ocrx_word' id='word_1_38' title='bbox 628 445 697 486; x_wconf 89' lang='lat' dir='ltr'>hic</span> <span class='ocrx_word' id='word_1_39' title='bbox 739 444 858 486; x_wconf 89' lang='lat' dir='ltr'>locus</span> <span class='ocrx_word' id='word_1_40' title='bbox 902 444 1011 486; x_wconf 82' lang='lat' dir='ltr'>nihil</span> <span class='ocrx_word' id='word_1_41' title='bbox 1053 444 1213 487; x_wconf 85' lang='lat' dir='ltr'>habeat</span> <span class='ocrx_word' id='word_1_42' title='bbox 1255 444 1551 500; x_wconf 88' lang='lat' dir='ltr'>dubitationis,</span> 
     </span>
     <span class='ocr_line' id='line_1_10' title="bbox 212 503 1548 558; baseline 0.001 -14"><span class='ocrx_word' id='word_1_43' title='bbox 212 503 314 557; x_wconf 91' lang='lat' dir='ltr'>quin</span> <span class='ocrx_word' id='word_1_44' title='bbox 346 503 540 545; x_wconf 89' lang='lat' dir='ltr'>homines</span> <span class='ocrx_word' id='word_1_45' title='bbox 573 503 807 558; x_wconf 87' lang='lat' dir='ltr'>plurimum</span> <span class='ocrx_word' id='word_1_46' title='bbox 843 503 1089 544; x_wconf 89' lang='lat' dir='ltr'>hominibus</span> <span class='ocrx_word' id='word_1_47' title='bbox 1128 506 1171 544; x_wconf 90' lang='lat' dir='ltr'>et</span> <span class='ocrx_word' id='word_1_48' title='bbox 1200 504 1371 558; x_wconf 84' lang='lat' dir='ltr'>prosint</span> <span class='ocrx_word' id='word_1_49' title='bbox 1401 506 1444 544; x_wconf 86' lang='lat' dir='ltr'>et</span> <span class='ocrx_word' id='word_1_50' title='bbox 1476 504 1548 545; x_wconf 89' lang='lat' dir='ltr'>ob-</span> 
     </span>
     <span class='ocr_line' id='line_1_11' title="bbox 211 561 1551 616; baseline 0.001 -14"><span class='ocrx_word' id='word_1_51' title='bbox 211 561 310 615; x_wconf 92' lang='lat' dir='ltr'>sint,</span> <span class='ocrx_word' id='word_1_52' title='bbox 341 562 564 616; x_wconf 89' lang='lat' dir='ltr'>proprium</span> <span class='ocrx_word' id='word_1_53' title='bbox 595 562 676 603; x_wconf 90' lang='lat' dir='ltr'>hoc</span> <span class='ocrx_word' id='word_1_54' title='bbox 702 564 845 603; x_wconf 87' lang='lat' dir='ltr'>statuo</span> <span class='ocrx_word' id='word_1_55' title='bbox 873 576 965 603; x_wconf 91' lang='lat' dir='ltr'>esse</span> <span class='ocrx_word' id='word_1_56' title='bbox 990 561 1178 615; x_wconf 83' lang='lat' dir='ltr'>virtutiS,</span> <span class='ocrx_word' id='word_1_57' title='bbox 1209 562 1437 604; x_wconf 88' lang='lat' dir='ltr'>conciliare</span> <span class='ocrx_word' id='word_1_58' title='bbox 1464 562 1551 604; x_wconf 91' lang='lat' dir='ltr'>ani-</span> 
     </span>
     <span class='ocr_line' id='line_1_12' title="bbox 210 620 1550 676; baseline 0 -15"><span class='ocrx_word' id='word_1_59' title='bbox 210 634 303 661; x_wconf 88' lang='lat' dir='ltr'>mos</span> <span class='ocrx_word' id='word_1_60' title='bbox 347 620 569 662; x_wconf 89' lang='lat' dir='ltr'>hominum</span> <span class='ocrx_word' id='word_1_61' title='bbox 613 623 656 661; x_wconf 91' lang='lat' dir='ltr'>et</span> <span class='ocrx_word' id='word_1_62' title='bbox 699 621 752 662; x_wconf 88' lang='lat' dir='ltr'>ad</span> <span class='ocrx_word' id='word_1_63' title='bbox 795 634 899 661; x_wconf 87' lang='lat' dir='ltr'>usus</span> <span class='ocrx_word' id='word_1_64' title='bbox 941 635 1039 662; x_wconf 89' lang='lat' dir='ltr'>suos</span> <span class='ocrx_word' id='word_1_65' title='bbox 1079 620 1318 676; x_wconf 84' lang='lat' dir='ltr'>adiungere.</span> <span class='ocrx_word' id='word_1_66' title='bbox 1386 620 1550 675; x_wconf 87' lang='lat' dir='ltr'>Itaque,</span> 
     </span>
     <span class='ocr_line' id='line_1_13' title="bbox 211 678 1550 733; baseline 0.001 -14"><span class='ocrx_word' id='word_1_67' title='bbox 211 692 320 732; x_wconf 91' lang='lat' dir='ltr'>quae</span> <span class='ocrx_word' id='word_1_68' title='bbox 350 678 396 719; x_wconf 88' lang='lat' dir='ltr'>in</span> <span class='ocrx_word' id='word_1_69' title='bbox 427 679 554 720; x_wconf 92' lang='lat' dir='ltr'>rebus</span> <span class='ocrx_word' id='word_1_70' title='bbox 586 678 786 720; x_wconf 89' lang='lat' dir='ltr'>inanimis</span> <span class='ocrx_word' id='word_1_71' title='bbox 820 693 1010 733; x_wconf 90' lang='lat' dir='ltr'>quaeque</span> <span class='ocrx_word' id='word_1_72' title='bbox 1041 679 1087 719; x_wconf 92' lang='lat' dir='ltr'>in</span> <span class='ocrx_word' id='word_1_73' title='bbox 1116 692 1196 720; x_wconf 91' lang='lat' dir='ltr'>usu</span> <span class='ocrx_word' id='word_1_74' title='bbox 1222 681 1266 719; x_wconf 92' lang='lat' dir='ltr'>et</span> <span class='ocrx_word' id='word_1_75' title='bbox 1290 680 1550 721; x_wconf 71' lang='lat' dir='ltr'>tractatione</span> 
     </span>
     <span class='ocr_line' id='line_1_14' title="bbox 210 737 1552 791; baseline 0.001 -14"><span class='ocrx_word' id='word_1_76' title='bbox 210 737 436 778; x_wconf 89' lang='lat' dir='ltr'>beluarum</span> <span class='ocrx_word' id='word_1_77' title='bbox 466 738 576 779; x_wconf 87' lang='lat' dir='ltr'>fiunt</span> <span class='ocrx_word' id='word_1_78' title='bbox 606 738 773 779; x_wconf 80' lang='lat' dir='ltr'>utiliter</span> <span class='ocrx_word' id='word_1_79' title='bbox 799 738 852 779; x_wconf 89' lang='lat' dir='ltr'>ad</span> <span class='ocrx_word' id='word_1_80' title='bbox 879 737 1103 779; x_wconf 87' lang='lat' dir='ltr'>hominum</span> <span class='ocrx_word' id='word_1_81' title='bbox 1128 737 1276 791; x_wconf 87' lang='lat' dir='ltr'>vitam,</span> <span class='ocrx_word' id='word_1_82' title='bbox 1309 737 1475 779; x_wconf 90' lang='lat' dir='ltr'>artibus</span> <span class='ocrx_word' id='word_1_83' title='bbox 1502 752 1552 779; x_wconf 87' lang='lat' dir='ltr'>ea</span> 
     </span>
     <span class='ocr_line' id='line_1_15' title="bbox 210 795 1551 851; baseline 0.001 -15"><span class='ocrx_word' id='word_1_84' title='bbox 210 795 461 837; x_wconf 89' lang='lat' dir='ltr'>tribuuntur</span> <span class='ocrx_word' id='word_1_85' title='bbox 502 797 711 851; x_wconf 80' lang='lat' dir='ltr'>operosis,</span> <span class='ocrx_word' id='word_1_86' title='bbox 749 796 971 837; x_wconf 89' lang='lat' dir='ltr'>hominum</span> <span class='ocrx_word' id='word_1_87' title='bbox 1009 798 1153 838; x_wconf 89' lang='lat' dir='ltr'>autem</span> <span class='ocrx_word' id='word_1_88' title='bbox 1191 796 1334 837; x_wconf 88' lang='lat' dir='ltr'>studia</span> <span class='ocrx_word' id='word_1_89' title='bbox 1371 796 1425 838; x_wconf 89' lang='lat' dir='ltr'>ad</span> <span class='ocrx_word' id='word_1_90' title='bbox 1466 811 1551 838; x_wconf 87' lang='lat' dir='ltr'>am-</span> 
     </span>
     <span class='ocr_line' id='line_1_16' title="bbox 210 854 1551 910; baseline 0.001 -15"><span class='ocrx_word' id='word_1_91' title='bbox 210 854 518 909; x_wconf 88' lang='lat' dir='ltr'>plificationem</span> <span class='ocrx_word' id='word_1_92' title='bbox 561 857 808 897; x_wconf 88' lang='lat' dir='ltr'>nostrarum</span> <span class='ocrx_word' id='word_1_93' title='bbox 857 869 999 896; x_wconf 91' lang='lat' dir='ltr'>rerum</span> <span class='ocrx_word' id='word_1_94' title='bbox 1049 857 1251 909; x_wconf 87' lang='lat' dir='ltr'>prompta</span> <span class='ocrx_word' id='word_1_95' title='bbox 1300 869 1349 897; x_wconf 92' lang='lat' dir='ltr'>ac</span> <span class='ocrx_word' id='word_1_96' title='bbox 1398 857 1551 910; x_wconf 89' lang='lat' dir='ltr'>parata</span> 
     </span>
     <span class='ocr_line' id='line_1_17' title="bbox 213 913 1549 968; baseline 0.001 -15"><span class='ocrx_word' id='word_1_97' title='bbox 213 913 420 964; x_wconf 88' lang='lat' dir='ltr'>[virorum</span> <span class='ocrx_word' id='word_1_98' title='bbox 449 914 780 968; x_wconf 87' lang='lat' dir='ltr'>praestantium]</span> <span class='ocrx_word' id='word_1_99' title='bbox 808 913 1020 968; x_wconf 81' lang='lat' dir='ltr'>sapientia</span> <span class='ocrx_word' id='word_1_100' title='bbox 1046 915 1088 954; x_wconf 90' lang='lat' dir='ltr'>et</span> <span class='ocrx_word' id='word_1_101' title='bbox 1113 913 1272 954; x_wconf 87' lang='lat' dir='ltr'>virtute</span> <span class='ocrx_word' id='word_1_102' title='bbox 1299 913 1549 955; x_wconf 82' lang='lat' dir='ltr'>excitantur.</span> 
     </span>
     <span class='ocr_line' id='line_1_18' title="bbox 211 970 1550 1027; baseline 0.001 -15"><span class='ocrx_word' id='word_1_103' title='bbox 211 970 385 1012; x_wconf 83' lang='lat' dir='ltr'>Etenim</span> <span class='ocrx_word' id='word_1_104' title='bbox 422 972 559 1013; x_wconf 89' lang='lat' dir='ltr'>virtus</span> <span class='ocrx_word' id='word_1_105' title='bbox 598 973 736 1014; x_wconf 88' lang='lat' dir='ltr'>omnis</span> <span class='ocrx_word' id='word_1_106' title='bbox 780 972 920 1013; x_wconf 87' lang='lat' dir='ltr'>tribus</span> <span class='ocrx_word' id='word_1_107' title='bbox 964 972 1009 1013; x_wconf 89' lang='lat' dir='ltr'>in</span> <span class='ocrx_word' id='word_1_108' title='bbox 1051 972 1178 1013; x_wconf 89' lang='lat' dir='ltr'>rebus</span> <span class='ocrx_word' id='word_1_109' title='bbox 1223 971 1312 1014; x_wconf 89' lang='lat' dir='ltr'>fere</span> <span class='ocrx_word' id='word_1_110' title='bbox 1356 972 1550 1027; x_wconf 90' lang='lat' dir='ltr'>vertitur,</span> 
     </span>
     <span class='ocr_line' id='line_1_19' title="bbox 213 1030 1550 1086; baseline 0.001 -15"><span class='ocrx_word' id='word_1_111' title='bbox 213 1044 392 1084; x_wconf 89' lang='lat' dir='ltr'>quarum</span> <span class='ocrx_word' id='word_1_112' title='bbox 430 1046 515 1072; x_wconf 88' lang='lat' dir='ltr'>una</span> <span class='ocrx_word' id='word_1_113' title='bbox 554 1034 619 1072; x_wconf 91' lang='lat' dir='ltr'>est</span> <span class='ocrx_word' id='word_1_114' title='bbox 649 1032 694 1073; x_wconf 91' lang='lat' dir='ltr'>in</span> <span class='ocrx_word' id='word_1_115' title='bbox 727 1031 1041 1086; x_wconf 88' lang='lat' dir='ltr'>perspiciendo,</span> <span class='ocrx_word' id='word_1_116' title='bbox 1080 1030 1180 1085; x_wconf 89' lang='lat' dir='ltr'>quid</span> <span class='ocrx_word' id='word_1_117' title='bbox 1218 1030 1262 1072; x_wconf 90' lang='lat' dir='ltr'>in</span> <span class='ocrx_word' id='word_1_118' title='bbox 1300 1045 1467 1086; x_wconf 90' lang='lat' dir='ltr'>quaque</span> <span class='ocrx_word' id='word_1_119' title='bbox 1506 1045 1550 1072; x_wconf 89' lang='lat' dir='ltr'>re</span> 
     </span>
     <span class='ocr_line' id='line_1_20' title="bbox 210 1089 1550 1144; baseline 0.001 -14"><span class='ocrx_word' id='word_1_120' title='bbox 210 1103 358 1130; x_wconf 83' lang='lat' dir='ltr'>verum</span> <span class='ocrx_word' id='word_1_121' title='bbox 403 1090 698 1144; x_wconf 88' lang='lat' dir='ltr'>sincerumque</span> <span class='ocrx_word' id='word_1_122' title='bbox 743 1090 817 1144; x_wconf 90' lang='lat' dir='ltr'>sit,</span> <span class='ocrx_word' id='word_1_123' title='bbox 867 1089 968 1144; x_wconf 91' lang='lat' dir='ltr'>quid</span> <span class='ocrx_word' id='word_1_124' title='bbox 1012 1092 1343 1131; x_wconf 89' lang='lat' dir='ltr'>consentaneum</span> <span class='ocrx_word' id='word_1_125' title='bbox 1387 1090 1550 1144; x_wconf 85' lang='lat' dir='ltr'>cuique,</span> 
     </span>
     <span class='ocr_line' id='line_1_21' title="bbox 212 1147 1549 1203; baseline 0.001 -15"><span class='ocrx_word' id='word_1_126' title='bbox 212 1147 313 1202; x_wconf 85' lang='lat' dir='ltr'>quid</span> <span class='ocrx_word' id='word_1_127' title='bbox 356 1162 642 1203; x_wconf 88' lang='lat' dir='ltr'>consequens,</span> <span class='ocrx_word' id='word_1_128' title='bbox 685 1163 735 1190; x_wconf 82' lang='lat' dir='ltr'>ex</span> <span class='ocrx_word' id='word_1_129' title='bbox 780 1163 863 1203; x_wconf 91' lang='lat' dir='ltr'>quo</span> <span class='ocrx_word' id='word_1_130' title='bbox 908 1163 1099 1203; x_wconf 88' lang='lat' dir='ltr'>quaeque</span> <span class='ocrx_word' id='word_1_131' title='bbox 1145 1148 1397 1203; x_wconf 83' lang='lat' dir='ltr'>gignantur,</span> <span class='ocrx_word' id='word_1_132' title='bbox 1442 1163 1549 1202; x_wconf 91' lang='lat' dir='ltr'>quae</span> 
     </span>
     <span class='ocr_line' id='line_1_22' title="bbox 210 1206 1550 1261; baseline 0.001 -14"><span class='ocrx_word' id='word_1_133' title='bbox 210 1206 413 1261; x_wconf 83' lang='lat' dir='ltr'>cuiusque</span> <span class='ocrx_word' id='word_1_134' title='bbox 444 1207 507 1248; x_wconf 91' lang='lat' dir='ltr'>rei</span> <span class='ocrx_word' id='word_1_135' title='bbox 538 1222 667 1249; x_wconf 90' lang='lat' dir='ltr'>causa</span> <span class='ocrx_word' id='word_1_136' title='bbox 699 1207 767 1261; x_wconf 90' lang='lat' dir='ltr'>sit,</span> <span class='ocrx_word' id='word_1_137' title='bbox 800 1207 984 1249; x_wconf 90' lang='lat' dir='ltr'>alterum</span> <span class='ocrx_word' id='word_1_138' title='bbox 1016 1206 1215 1248; x_wconf 85' lang='lat' dir='ltr'>cohibere</span> <span class='ocrx_word' id='word_1_139' title='bbox 1241 1209 1384 1249; x_wconf 90' lang='lat' dir='ltr'>motus</span> <span class='ocrx_word' id='word_1_140' title='bbox 1417 1206 1550 1248; x_wconf 82' lang='lat' dir='ltr'>animi</span> 
     </span>
     <span class='ocr_line' id='line_1_23' title="bbox 210 1264 1548 1320; baseline 0.001 -15"><span class='ocrx_word' id='word_1_141' title='bbox 210 1264 420 1319; x_wconf 82' lang='lat' dir='ltr'>turbatos,</span> <span class='ocrx_word' id='word_1_142' title='bbox 447 1280 553 1319; x_wconf 91' lang='lat' dir='ltr'>quos</span> <span class='ocrx_word' id='word_1_143' title='bbox 575 1265 726 1308; x_wconf 85' lang='lat' dir='ltr'>Graeci</span> <span class='ocrx_word' id='word_1_144' title='bbox 752 1264 874 1319; x_wconf 70' lang='grc' dir='ltr'><em>πάθη</em></span> <span class='ocrx_word' id='word_1_145' title='bbox 900 1265 1138 1319; x_wconf 88' lang='lat' dir='ltr'>nominant,</span> <span class='ocrx_word' id='word_1_146' title='bbox 1165 1266 1548 1320; x_wconf 86' lang='lat' dir='ltr'>appetitionesque,</span> 
     </span>
     <span class='ocr_line' id='line_1_24' title="bbox 211 1321 1549 1378; baseline 0.001 -14"><span class='ocrx_word' id='word_1_147' title='bbox 211 1338 317 1377; x_wconf 88' lang='lat' dir='ltr'>quas</span> <span class='ocrx_word' id='word_1_148' title='bbox 349 1324 414 1364; x_wconf 91' lang='lat' dir='ltr'>illi</span> <span class='ocrx_word' id='word_1_149' title='bbox 447 1321 606 1378; x_wconf 76' lang='grc' dir='ltr'><em>ὁρμάς,</em></span> <span class='ocrx_word' id='word_1_150' title='bbox 644 1324 918 1366; x_wconf 84' lang='lat' dir='ltr'>oboedientes</span> <span class='ocrx_word' id='word_1_151' title='bbox 954 1324 1120 1365; x_wconf 82' lang='lat' dir='ltr'>efficere</span> <span class='ocrx_word' id='word_1_152' title='bbox 1158 1324 1335 1377; x_wconf 88' lang='lat' dir='ltr'>rationi,</span> <span class='ocrx_word' id='word_1_153' title='bbox 1372 1324 1549 1365; x_wconf 88' lang='lat' dir='ltr'>tertium</span> 
     </span>
     <span class='ocr_line' id='line_1_25' title="bbox 209 1382 1549 1439; baseline 0.001 -17"><span class='ocrx_word' id='word_1_154' title='bbox 209 1382 274 1435; x_wconf 86' lang='lat' dir='ltr'>iis,</span> <span class='ocrx_word' id='word_1_155' title='bbox 307 1383 560 1436; x_wconf 85' lang='lat' dir='ltr'>quibuscum</span> <span class='ocrx_word' id='word_1_156' title='bbox 592 1397 914 1439; x_wconf 83' lang='lat' dir='ltr'>congregemur,</span> <span class='ocrx_word' id='word_1_157' title='bbox 945 1383 1009 1424; x_wconf 91' lang='lat' dir='ltr'>uti</span> <span class='ocrx_word' id='word_1_158' title='bbox 1041 1382 1260 1424; x_wconf 85' lang='lat' dir='ltr'>moderate</span> <span class='ocrx_word' id='word_1_159' title='bbox 1286 1386 1329 1424; x_wconf 90' lang='lat' dir='ltr'>et</span> <span class='ocrx_word' id='word_1_160' title='bbox 1354 1382 1549 1437; x_wconf 86' lang='lat' dir='ltr'>scienter,</span> 
     </span>
     <span class='ocr_line' id='line_1_26' title="bbox 210 1441 1549 1496; baseline 0.001 -15"><span class='ocrx_word' id='word_1_161' title='bbox 210 1455 392 1495; x_wconf 89' lang='lat' dir='ltr'>quorum</span> <span class='ocrx_word' id='word_1_162' title='bbox 437 1441 591 1483; x_wconf 89' lang='lat' dir='ltr'>studiis</span> <span class='ocrx_word' id='word_1_163' title='bbox 636 1456 702 1495; x_wconf 89' lang='lat' dir='ltr'>ea,</span> <span class='ocrx_word' id='word_1_164' title='bbox 747 1456 854 1496; x_wconf 86' lang='lat' dir='ltr'>quae</span> <span class='ocrx_word' id='word_1_165' title='bbox 897 1444 1054 1483; x_wconf 87' lang='lat' dir='ltr'>natura</span> <span class='ocrx_word' id='word_1_166' title='bbox 1097 1441 1328 1496; x_wconf 86' lang='lat' dir='ltr'>desiderat,</span> <span class='ocrx_word' id='word_1_167' title='bbox 1379 1441 1549 1496; x_wconf 86' lang='lat' dir='ltr'>expleta</span> 
     </span>
     <span class='ocr_line' id='line_1_27' title="bbox 210 1499 1547 1555; baseline 0 -14"><span class='ocrx_word' id='word_1_168' title='bbox 210 1500 511 1554; x_wconf 86' lang='lat' dir='ltr'>cumulataque</span> <span class='ocrx_word' id='word_1_169' title='bbox 548 1500 801 1554; x_wconf 89' lang='lat' dir='ltr'>habeamus,</span> <span class='ocrx_word' id='word_1_170' title='bbox 838 1514 914 1555; x_wconf 88' lang='lat' dir='ltr'>per</span> <span class='ocrx_word' id='word_1_171' title='bbox 951 1499 1225 1555; x_wconf 88' lang='lat' dir='ltr'>eosdemque,</span> <span class='ocrx_word' id='word_1_172' title='bbox 1265 1500 1302 1541; x_wconf 92' lang='lat' dir='ltr'>si</span> <span class='ocrx_word' id='word_1_173' title='bbox 1339 1500 1441 1555; x_wconf 86' lang='lat' dir='ltr'>quid</span> <span class='ocrx_word' id='word_1_174' title='bbox 1472 1500 1547 1541; x_wconf 90' lang='lat' dir='ltr'>im-</span> 
     </span>
     <span class='ocr_line' id='line_1_28' title="bbox 209 1558 1582 1614; baseline 0 -14"><span class='ocrx_word' id='word_1_175' title='bbox 209 1561 406 1613; x_wconf 86' lang='lat' dir='ltr'>portetur</span> <span class='ocrx_word' id='word_1_176' title='bbox 431 1558 555 1600; x_wconf 86' lang='lat' dir='ltr'>nobis</span> <span class='ocrx_word' id='word_1_177' title='bbox 581 1559 852 1613; x_wconf 83' lang='lat' dir='ltr'>incommodi,</span> <span class='ocrx_word' id='word_1_178' title='bbox 883 1559 1182 1614; x_wconf 88' lang='lat' dir='ltr'>propulsemus</span> <span class='ocrx_word' id='word_1_179' title='bbox 1208 1559 1548 1613; x_wconf 89' lang='lat' dir='ltr'>ulciscamurque</span> <span class='ocrx_word' id='word_1_180' title='bbox 1569 1574 1582 1595; x_wconf 75' lang='lat'>‘-</span> 
     </span>
     <span class='ocr_line' id='line_1_29' title="bbox 210 1617 1548 1672; baseline 0.001 -14"><span class='ocrx_word' id='word_1_181' title='bbox 210 1632 294 1671; x_wconf 89' lang='lat' dir='ltr'>eos,</span> <span class='ocrx_word' id='word_1_182' title='bbox 326 1617 398 1672; x_wconf 90' lang='lat' dir='ltr'>qui</span> <span class='ocrx_word' id='word_1_183' title='bbox 428 1632 580 1660; x_wconf 91' lang='lat' dir='ltr'>nocere</span> <span class='ocrx_word' id='word_1_184' title='bbox 611 1618 736 1659; x_wconf 87' lang='lat' dir='ltr'>nobis</span> <span class='ocrx_word' id='word_1_185' title='bbox 769 1617 912 1660; x_wconf 87' lang='lat' dir='ltr'>conati</span> <span class='ocrx_word' id='word_1_186' title='bbox 944 1618 1042 1671; x_wconf 89' lang='lat' dir='ltr'>sint,</span> <span class='ocrx_word' id='word_1_187' title='bbox 1073 1620 1279 1672; x_wconf 88' lang='lat' dir='ltr'>tantaque</span> <span class='ocrx_word' id='word_1_188' title='bbox 1310 1632 1449 1672; x_wconf 87' lang='lat' dir='ltr'>poena</span> <span class='ocrx_word' id='word_1_189' title='bbox 1480 1617 1548 1659; x_wconf 84' lang='lat' dir='ltr'>ad-</span> 
     </span>
     <span class='ocr_line' id='line_1_30' title="bbox 209 1675 1548 1731; baseline -0.001 -13"><span class='ocrx_word' id='word_1_190' title='bbox 209 1676 414 1730; x_wconf 85' lang='lat' dir='ltr'>ficiamus,</span> <span class='ocrx_word' id='word_1_191' title='bbox 441 1679 647 1731; x_wconf 86' lang='lat' dir='ltr'>quantam</span> <span class='ocrx_word' id='word_1_192' title='bbox 668 1677 862 1731; x_wconf 88' lang='lat' dir='ltr'>aequitas</span> <span class='ocrx_word' id='word_1_193' title='bbox 881 1676 1212 1730; x_wconf 87' lang='lat' dir='ltr'>humanitasque</span> <span class='ocrx_word' id='word_1_194' title='bbox 1232 1677 1407 1731; x_wconf 88' lang='lat' dir='ltr'>patitur.</span> <span class='ocrx_word' id='word_1_195' title='bbox 1452 1675 1548 1724; x_wconf 81' lang='lat' dir='ltr'>Qui-</span> 
     </span>
     <span class='ocr_line' id='line_1_31' title="bbox 210 1735 1548 1789; baseline 0 -13"><span class='ocrx_word' id='word_1_196' title='bbox 210 1735 289 1776; x_wconf 92' lang='lat' dir='ltr'>bus</span> <span class='ocrx_word' id='word_1_197' title='bbox 323 1738 465 1776; x_wconf 88' lang='lat' dir='ltr'>autem</span> <span class='ocrx_word' id='word_1_198' title='bbox 498 1735 738 1777; x_wconf 87' lang='lat' dir='ltr'>rationibus</span> <span class='ocrx_word' id='word_1_199' title='bbox 769 1735 879 1777; x_wconf 87' lang='lat' dir='ltr'>hanc</span> <span class='ocrx_word' id='word_1_200' title='bbox 916 1735 1169 1777; x_wconf 84' lang='lat' dir='ltr'>facultatem</span> <span class='ocrx_word' id='word_1_201' title='bbox 1208 1735 1378 1789; x_wconf 87' lang='lat' dir='ltr'>assequi</span> <span class='ocrx_word' id='word_1_202' title='bbox 1416 1735 1548 1789; x_wconf 88' lang='lat' dir='ltr'>possi-</span> 
     </span>
     <span class='ocr_line' id='line_1_32' title="bbox 210 1794 1548 1849; baseline 0.001 -15"><span class='ocrx_word' id='word_1_203' title='bbox 210 1808 322 1848; x_wconf 87' lang='lat' dir='ltr'>mus,</span> <span class='ocrx_word' id='word_1_204' title='bbox 360 1796 408 1834; x_wconf 93' lang='lat' dir='ltr'>ut</span> <span class='ocrx_word' id='word_1_205' title='bbox 446 1794 668 1836; x_wconf 88' lang='lat' dir='ltr'>hominum</span> <span class='ocrx_word' id='word_1_206' title='bbox 706 1794 849 1836; x_wconf 89' lang='lat' dir='ltr'>studia</span> <span class='ocrx_word' id='word_1_207' title='bbox 880 1794 1215 1849; x_wconf 85' lang='lat' dir='ltr'>complectamur</span> <span class='ocrx_word' id='word_1_208' title='bbox 1246 1807 1378 1847; x_wconf 90' lang='lat' dir='ltr'>eaque</span> <span class='ocrx_word' id='word_1_209' title='bbox 1409 1796 1548 1835; x_wconf 87' lang='lat' dir='ltr'>tenea-</span> 
     </span>
     <span class='ocr_line' id='line_1_33' title="bbox 210 1852 1547 1907; baseline 0 -14"><span class='ocrx_word' id='word_1_210' title='bbox 210 1866 322 1906; x_wconf 87' lang='lat' dir='ltr'>mus,</span> <span class='ocrx_word' id='word_1_211' title='bbox 355 1852 560 1907; x_wconf 89' lang='lat' dir='ltr'>dicemus,</span> <span class='ocrx_word' id='word_1_212' title='bbox 591 1867 727 1907; x_wconf 90' lang='lat' dir='ltr'>neque</span> <span class='ocrx_word' id='word_1_213' title='bbox 758 1853 821 1894; x_wconf 90' lang='lat' dir='ltr'>ita</span> <span class='ocrx_word' id='word_1_214' title='bbox 852 1853 990 1894; x_wconf 91' lang='lat' dir='ltr'>multo</span> <span class='ocrx_word' id='word_1_215' title='bbox 1022 1855 1138 1907; x_wconf 88' lang='lat' dir='ltr'>post,</span> <span class='ocrx_word' id='word_1_216' title='bbox 1177 1852 1249 1893; x_wconf 88' lang='lat' dir='ltr'>sed</span> <span class='ocrx_word' id='word_1_217' title='bbox 1281 1866 1417 1907; x_wconf 90' lang='lat' dir='ltr'>pauca</span> <span class='ocrx_word' id='word_1_218' title='bbox 1449 1854 1547 1893; x_wconf 90' lang='lat' dir='ltr'>ante</span> 
     </span>
     <span class='ocr_line' id='line_1_34' title="bbox 211 1910 1548 1967; baseline 0.001 -16"><span class='ocrx_word' id='word_1_219' title='bbox 211 1910 387 1952; x_wconf 88' lang='lat' dir='ltr'>dicenda</span> <span class='ocrx_word' id='word_1_220' title='bbox 413 1914 523 1953; x_wconf 86' lang='lat' dir='ltr'>sunt.</span> <span class='ocrx_word' id='word_1_221' title='bbox 574 1911 778 1967; x_wconf 86' lang='lat' dir='ltr'>Magnam</span> <span class='ocrx_word' id='word_1_222' title='bbox 803 1912 891 1952; x_wconf 85' lang='lat' dir='ltr'>vim</span> <span class='ocrx_word' id='word_1_223' title='bbox 918 1926 1009 1953; x_wconf 89' lang='lat' dir='ltr'>esse</span> <span class='ocrx_word' id='word_1_224' title='bbox 1034 1911 1079 1953; x_wconf 90' lang='lat' dir='ltr'>in</span> <span class='ocrx_word' id='word_1_225' title='bbox 1109 1911 1284 1953; x_wconf 86' lang='lat' dir='ltr'>fortuna</span> <span class='ocrx_word' id='word_1_226' title='bbox 1314 1911 1358 1951; x_wconf 90' lang='lat' dir='ltr'>in</span> <span class='ocrx_word' id='word_1_227' title='bbox 1390 1913 1548 1952; x_wconf 89' lang='lat' dir='ltr'>utram-</span> 
     </span>
     <span class='ocr_line' id='line_1_35' title="bbox 211 1969 1547 2024; baseline 0.001 -14"><span class='ocrx_word' id='word_1_228' title='bbox 211 1984 291 2023; x_wconf 89' lang='lat' dir='ltr'>que</span> <span class='ocrx_word' id='word_1_229' title='bbox 323 1973 510 2024; x_wconf 88' lang='lat' dir='ltr'>partem,</span> <span class='ocrx_word' id='word_1_230' title='bbox 548 1971 614 2012; x_wconf 91' lang='lat' dir='ltr'>vel</span> <span class='ocrx_word' id='word_1_231' title='bbox 655 1970 859 2013; x_wconf 88' lang='lat' dir='ltr'>secundas</span> <span class='ocrx_word' id='word_1_232' title='bbox 893 1971 945 2012; x_wconf 90' lang='lat' dir='ltr'>ad</span> <span class='ocrx_word' id='word_1_233' title='bbox 983 1984 1049 2012; x_wconf 91' lang='lat' dir='ltr'>res</span> <span class='ocrx_word' id='word_1_234' title='bbox 1088 1970 1155 2012; x_wconf 88' lang='lat' dir='ltr'>vel</span> <span class='ocrx_word' id='word_1_235' title='bbox 1195 1969 1415 2023; x_wconf 87' lang='lat' dir='ltr'>adversas,</span> <span class='ocrx_word' id='word_1_236' title='bbox 1453 1969 1547 2024; x_wconf 89' lang='lat' dir='ltr'>quis</span> 
     </span>
     <span class='ocr_line' id='line_1_36' title="bbox 209 2028 1548 2084; baseline 0 -15"><span class='ocrx_word' id='word_1_237' title='bbox 209 2028 412 2083; x_wconf 77' lang='lat' dir='ltr'>ignorat?</span> <span class='ocrx_word' id='word_1_238' title='bbox 474 2028 587 2070; x_wconf 90' lang='lat' dir='ltr'>Nam</span> <span class='ocrx_word' id='word_1_239' title='bbox 626 2031 686 2084; x_wconf 90' lang='lat' dir='ltr'>et,</span> <span class='ocrx_word' id='word_1_240' title='bbox 730 2044 825 2071; x_wconf 89' lang='lat' dir='ltr'>cum</span> <span class='ocrx_word' id='word_1_241' title='bbox 863 2043 1068 2084; x_wconf 89' lang='lat' dir='ltr'>prospero</span> <span class='ocrx_word' id='word_1_242' title='bbox 1106 2028 1211 2070; x_wconf 90' lang='lat' dir='ltr'>flatu</span> <span class='ocrx_word' id='word_1_243' title='bbox 1249 2028 1338 2069; x_wconf 91' lang='lat' dir='ltr'>eius</span> <span class='ocrx_word' id='word_1_244' title='bbox 1375 2028 1548 2082; x_wconf 88' lang='lat' dir='ltr'>utimur,</span> 
     </span>
     <span class='ocr_line' id='line_1_37' title="bbox 211 2086 1548 2142; baseline 0 -15"><span class='ocrx_word' id='word_1_245' title='bbox 211 2086 263 2128; x_wconf 86' lang='lat' dir='ltr'>ad</span> <span class='ocrx_word' id='word_1_246' title='bbox 296 2087 433 2128; x_wconf 78' lang='lat' dir='ltr'>exitus</span> <span class='ocrx_word' id='word_1_247' title='bbox 465 2088 739 2142; x_wconf 86' lang='lat' dir='ltr'>pervehimur</span> <span class='ocrx_word' id='word_1_248' title='bbox 770 2090 942 2142; x_wconf 90' lang='lat' dir='ltr'>optatos</span> <span class='ocrx_word' id='word_1_249' title='bbox 976 2090 1030 2141; x_wconf 89' lang='lat' dir='ltr'>et,</span> <span class='ocrx_word' id='word_1_250' title='bbox 1062 2102 1156 2129; x_wconf 89' lang='lat' dir='ltr'>cum</span> <span class='ocrx_word' id='word_1_251' title='bbox 1185 2086 1365 2141; x_wconf 85' lang='lat' dir='ltr'>reflavit,</span> <span class='ocrx_word' id='word_1_252' title='bbox 1397 2086 1548 2142; x_wconf 84' lang='lat' dir='ltr'>affligi-</span> 
     </span>
     <span class='ocr_line' id='line_1_38' title="bbox 210 2145 1546 2201; baseline 0 -15"><span class='ocrx_word' id='word_1_253' title='bbox 210 2160 316 2187; x_wconf 86' lang='lat' dir='ltr'>mur.</span> <span class='ocrx_word' id='word_1_254' title='bbox 367 2145 485 2187; x_wconf 87' lang='lat' dir='ltr'>Haec</span> <span class='ocrx_word' id='word_1_255' title='bbox 515 2146 651 2201; x_wconf 88' lang='lat' dir='ltr'>igitur</span> <span class='ocrx_word' id='word_1_256' title='bbox 682 2147 776 2201; x_wconf 87' lang='lat' dir='ltr'>ipsa</span> <span class='ocrx_word' id='word_1_257' title='bbox 805 2145 980 2188; x_wconf 83' lang='lat' dir='ltr'>fortuna</span> <span class='ocrx_word' id='word_1_258' title='bbox 1011 2148 1175 2188; x_wconf 85' lang='lat' dir='ltr'>ceteros</span> <span class='ocrx_word' id='word_1_259' title='bbox 1208 2159 1330 2186; x_wconf 91' lang='lat' dir='ltr'>casus</span> <span class='ocrx_word' id='word_1_260' title='bbox 1362 2145 1546 2186; x_wconf 84' lang='lat' dir='ltr'>rariores</span> 
     </span>
     <span class='ocr_line' id='line_1_39' title="bbox 209 2204 1548 2259; baseline -0.001 -14"><span class='ocrx_word' id='word_1_261' title='bbox 209 2204 360 2258; x_wconf 87' lang='lat' dir='ltr'>habet,</span> <span class='ocrx_word' id='word_1_262' title='bbox 403 2204 588 2258; x_wconf 88' lang='lat' dir='ltr'>primum</span> <span class='ocrx_word' id='word_1_263' title='bbox 634 2205 687 2245; x_wconf 84' lang='lat' dir='ltr'>ab</span> <span class='ocrx_word' id='word_1_264' title='bbox 731 2205 932 2246; x_wconf 89' lang='lat' dir='ltr'>inanimis</span> <span class='ocrx_word' id='word_1_265' title='bbox 975 2204 1205 2259; x_wconf 88' lang='lat' dir='ltr'>procellas,</span> <span class='ocrx_word' id='word_1_266' title='bbox 1256 2206 1548 2257; x_wconf 89' lang='lat' dir='ltr'>tempestates,</span> 
     </span>
     <span class='ocr_line' id='line_1_40' title="bbox 209 2262 1550 2318; baseline -0.001 -14"><span class='ocrx_word' id='word_1_267' title='bbox 209 2262 456 2318; x_wconf 84' lang='lat' dir='ltr'>naufragia,</span> <span class='ocrx_word' id='word_1_268' title='bbox 500 2263 666 2316; x_wconf 87' lang='lat' dir='ltr'>ruinas,</span> <span class='ocrx_word' id='word_1_269' title='bbox 710 2263 924 2317; x_wconf 87' lang='lat' dir='ltr'>incendia,</span> <span class='ocrx_word' id='word_1_270' title='bbox 971 2263 1119 2304; x_wconf 88' lang='lat' dir='ltr'>deinde</span> <span class='ocrx_word' id='word_1_271' title='bbox 1163 2278 1188 2304; x_wconf 90' lang='lat' dir='ltr'>a</span> <span class='ocrx_word' id='word_1_272' title='bbox 1233 2262 1383 2304; x_wconf 85' lang='lat' dir='ltr'>bestiis</span> <span class='ocrx_word' id='word_1_273' title='bbox 1428 2262 1550 2316; x_wconf 81' lang='lat' dir='ltr'>ictuS,</span> 
     </span>
    </p>
   </div>
   <div class='ocr_carea' id='block_1_5' title="bbox 1563 0 1663 2490">
    <p class='ocr_par' dir='ltr' id='par_1_6' title="bbox 1563 0 1663 2490">
     <span class='ocr_line' id='line_1_41' title="bbox 1563 0 1663 2490; baseline 0 0"><span class='ocrx_word' id='word_1_274' title='bbox 1563 0 1663 2490; x_wconf 95' lang='lat' dir='ltr'> </span> 
     </span>
    </p>
   </div>
  </div>
 </body>
</html>
