1673 2505
681 356 730 398 E.
774 355 1134 398 FRAGMENTA

581 437 1236 481 EPISTULARUM.

647 560 677 598 I.
722 560 794 597 AD
825 560 876 597 M.
910 558 1163 597 TITINIUM.

328 650 489 692 Suetou.
520 651 567 692 de
590 650 686 691 rhet.
711 653 751 692 2.
796 651 842 692 L.
868 650 1027 691 Plotius
1053 649 1211 691 Gallus.
1254 649 1318 691 De
1348 649 1419 691 hoc
1443 649 1576 692 Cicero

240 710 285 751 iu
315 709 489 762 epistula
519 711 576 751 acl
597 710 659 750 M.
688 710 890 750 Titinium
920 710 977 750 sie
1005 708 1147 760 refert:
1179 708 1388 762 Equidem
1422 723 1576 750 memo·
1614 720 1630 746 5
1669 706 1672 726 ²

239 768 305 809 ria
336 770 459 808 teneo
492 768 634 822 pueris
665 768 789 809 nobis
822 767 1009 822 primum
1033 766 1184 808 Latine
1214 767 1362 809 docere
1388 768 1576 822 coepisse

239 827 285 868 L.
310 826 502 868 Plotium
529 826 751 881 quendam.
801 827 869 867 Ad
900 841 1022 880 quem
1057 841 1152 867 cum
1183 826 1305 868 fieret
1337 840 1577 880 concursus,

241 885 353 939 quod
398 885 736 927 studiosissimus
782 885 960 940 quisque
1004 885 1115 939 apud
1159 899 1253 926 eum
1302 888 1577 939 exerceretur,

241 944 437 985 dolebam
483 944 588 985 mihi
631 945 742 986 idem
787 959 871 986 non
916 944 1053 985 licere.
1128 942 1389 986 Continebar
1433 946 1575 985 autem

240 1003 584 1045 doctissimorum
614 1003 837 1045 hominum
870 1003 1138 1056 auctoritate,
1171 1003 1241 1057 qui
1271 1003 1575 1044 existimabant
1597 1017 1629 1042 10

240 1062 413 1104 Graecis
446 1062 822 1104 exercitationibus
856 1062 914 1103 ali
945 1062 1097 1102 melius
1129 1062 1302 1117 ingenia
1333 1076 1470 1116 posse,

1664 997 1673 1021 13

402 1266 452 1303 II.
496 1265 569 1302 AD
604 1264 914 1303 CORNELIUM
945 1263 1200 1303 NEPOTEM
1231 1237 1342 1303 LIBJ
1362 1265 1413 1303 ΙΙ.

330 1358 364 1397 1.
397 1356 577 1399 Maerob.
609 1355 695 1398 Sat.
727 1355 786 1396 II
811 1360 848 1397 1.
880 1359 934 1397 14
966 1355 1099 1397 Cicero
1134 1379 1185 1384 —
1219 1356 1264 1397 iu
1297 1356 1396 1397 libro
1434 1356 1575 1408 epistu—

239 1416 374 1457 larum
411 1416 467 1456 ad
501 1415 734 1457 Cornelium
772 1415 965 1468 Nepotem
999 1415 1169 1456 seeundo
1205 1415 1262 1456 sie
1299 1415 1379 1455 ait:
1423 1414 1575 1469 Itaque

237 1474 387 1528 nostri,
407 1488 502 1515 cum
523 1473 676 1527 omnia,
704 1487 811 1527 quae
832 1473 1096 1526 dixissemus,
1123 1472 1266 1514 ‘dieta’
1287 1476 1439 1527 essent,
1467 1488 1574 1528 quae
1597 1485 1628 1510 15

236 1532 373 1574 facete
406 1535 448 1574 et
480 1532 668 1574 breviter
701 1535 743 1573 et
775 1535 896 1573 acute
928 1532 1060 1573 locuti
1093 1546 1294 1583 essemus,
1326 1547 1375 1573 ea
1400 1533 1573 1587 proprio

237 1592 408 1633 nomine
441 1591 651 1646 appellari
683 1590 826 1632 ‘dicta’
860 1591 1096 1632 voluerunt.

1662 1467 1672 1492 ll

504 1695 566 1729 AD
593 1694 799 1729 EUNDEM
824 1694 888 1728 EX
913 1694 1055 1729 LIBRO
1081 1693 1303 1730 INCERTO.

324 1769 363 1820 2,
396 1768 432 1809 3.
471 1768 712 1810 Priscianus
751 1767 873 1808 VIII
898 1771 936 1808 4.
968 1771 1024 1808 17
1054 1782 1096 1820 p.
1128 1771 1223 1809 383.
1257 1771 1282 1809 1
1319 1768 1376 1808 H.
1438 1767 1573 1810 Cicero
1662 1762 1673 1787 ”²

236 1828 292 1868 ad
321 1827 535 1880 Nepotem:
572 1826 667 1868 Hoc
697 1826 919 1867 restiterat
951 1827 1098 1880 etiam,
1137 1828 1185 1867 ut
1218 1841 1242 1867 a
1273 1829 1315 1867 te
1353 1827 1464 1868 fictis
1504 1827 1572 1867 ad·
1594 1838 1626 1863 20

239 1885 436 1940 grederer
473 1885 594 1926 donis
634 1884 908 1938 ‘adyreclerer²
939 1887 1102 1938 passive
1145 1886 1266 1935 dixit,
1311 1885 1572 1938 ἐνεδρευθῶ.

236 1944 292 1984 In
322 1945 475 1985 eodem:
508 1943 589 1993 Qui
619 1944 762 1998 habet,
794 1944 908 1985 ultro
942 1944 1169 1999 appetitur,
1204 1944 1275 1998 qui
1305 1946 1369 1986 est
1400 1959 1573 1999 pauper,

238 2005 506 2057 aspernatur,
530 2004 708 2056 passive,
741 2002 1050 2053 ἐξουθενεῖται.

324 2062 363 2102 4.
401 2061 616 2103 Suetonius
658 2063 737 2104 div.
773 2062 855 2103 Iul.
893 2064 945 2103 55
983 2061 1117 2104 Cicero
1156 2086 1212 2090 —
1250 2063 1306 2103 ad
1341 2062 1573 2104 Cornelium
1663 2058 1673 2082 ‘³³

237 2119 427 2172 Nepotem
458 2121 505 2161 de
535 2122 666 2162 eodem
697 2119 909 2175 (Caesare)
940 2122 998 2161 ita
1036 2121 1218 2173 scripsit.-
1258 2119 1395 2169 Quid?
1435 2123 1573 2163 orato-
1593 2129 1624 2157 2⁵

236 2192 331 2219 rum
364 2193 488 2232 quem
519 2179 617 2220 huic
651 2182 883 2234 antepones
916 2193 1074 2233 eorum,
1107 2179 1178 2233 qui
1204 2179 1312 2220 nihil
1340 2180 1454 2221 aliud
1482 2194 1573 2235 ege—

235 2237 364 2278 runt?
403 2237 496 2291 quis
536 2238 759 2279 sententiis
799 2241 872 2280 aut
911 2239 1074 2280 acutior
1113 2241 1186 2279 aut
1219 2239 1439 2280 crebrior?
1479 2239 1572 2294 quis

235 2295 377 2336 verbis
411 2298 484 2337 aut
518 2296 708 2338 ornatior
741 2299 814 2338 aut
842 2297 1109 2353 elegantior?
