1673 2505
349 102 533 138 FACETE
560 101 821 139 DICTORUM.
847 101 888 137 G.
915 102 940 136 b
960 105 1109 138 25-38.
1309 101 1393 142 347

56 212 236 267 spondit:
275 209 407 252 Volui
443 211 489 251 in
526 211 751 252 consulatu
788 212 864 252 izuo
901 209 1063 263 venire,
1101 208 1174 250 sed
1211 223 1295 250 nox
1328 223 1396 249 me

57 269 391 325 comprehendib.
466 269 506 311 U
509 270 618 311 leisei
659 273 793 310 autem
834 282 874 311 se
907 268 1042 310 Cicero
1084 267 1309 321 videbatur,
1351 271 1399 308 ut

56 330 126 382 qni
155 328 404 381 respondisse
434 328 512 369 sibi
539 328 751 369 Vatinium
775 328 1026 381 meminerat,
1057 340 1147 368 eum
1177 327 1328 368 umeris
1357 339 1398 367 se

55 388 115 429 rei
137 387 325 440 publicae
355 387 402 428 de
426 387 547 429 exilio
578 390 824 439 reportatum
846 387 1114 440 yloriaretur:
1147 384 1284 428 ‘Unde
1307 397 1397 437 erqo

22 456 38 484 5
57 446 128 488 tibi
157 443 356 487 varices?
389 470 446 475 —
477 445 539 497 Cf.
579 445 674 487 VII
697 449 735 487 3.
767 449 820 487 10
844 459 903 487 ex.

145 509 213 551 33.
235 509 404 561 Quintil.
432 509 499 551 VI
512 513 550 551 3.
569 512 624 551 84
645 509 779 552 Cicero
804 511 950 551 audita
968 510 1080 562 falsa
1107 508 1249 550 Vatini
1273 511 1400 549 morte

56 582 146 610 eum
171 569 332 610 obvium
358 568 542 610 libertum
568 569 653 610 eius
676 569 980 622 intmroyasset:
1008 567 1192 610 ‘Rectene
1213 565 1398 608 onmia?

55 628 203 669 dicenti
235 626 404 669 ‘Recte’.·
437 626 634 668 Mortuus
668 627 761 668 est?

146 697 216 739 34.
249 697 386 749 Quint.
418 696 485 739 VI
510 700 547 738 3.
580 700 635 738 68
664 697 910 750 Metaphora
940 710 1094 750 quoque
1125 695 1261 738 Cicero
1293 695 1401 748 lusit,

7 768 38 794 ιο
57 771 147 798 eum
187 756 329 797 Vatini
358 759 485 797 morte
513 756 724 806 nuntiata,
765 757 880 797 euius
902 769 1058 808 parum
1090 758 1219 796 certus
1248 753 1400 795 diceba-

57 819 124 857 tur
154 818 318 856 auctor:
350 813 549 869 Interim,
580 816 731 868 inquit,
763 829 894 855 usura
924 814 1053 856 fruar.

145 885 213 927 35.
245 885 455 927 Plutarch.
488 885 570 927 Cic.
601 888 625 926 5
657 883 747 927 Καὶ
783 883 887 934 τούς
918 900 967 938 γε
998 885 1057 942 τῷ
1091 885 1204 938 βοᾷν
1237 880 1403 937 μεγάλα

57 949 311 1006 χρωμένους
348 947 537 1004 ῥήτορας
575 949 859 992 ἐπισκώπτων
897 952 1016 1003 ἔλεγε
1056 946 1114 990 δι’
1163 946 1403 990 ἀσθένειαν

59 1014 127 1058 ἐπὶ
158 1013 239 1069 τὴν
270 1011 470 1070 κραυγὴν
504 1011 648 1094 ὥσπερ
681 1013 851 1070 χωλοὺς
883 1011 952 1069 ἐφ’
982 1015 1128 1056 ἵππων
1154 1014 1313 1068 πηδᾷν.
1351 1008 1404 1053 H

7 1092 38 1117 15
60 1078 107 1122 δὲ
127 1077 225 1134 περὶ
244 1076 297 1120 τὰ
319 1077 557 1133 σκώμματα
575 1078 647 1120 καὶ
667 1077 749 1133 τὴν
768 1076 951 1121 παιδιὰν
964 1077 1128 1132 ταύτην
1144 1075 1404 1131 εὐτραπελια

0 1151 1 1166 ¹
59 1140 288 1186 δικανικὸν
303 1142 383 1198 μὲν
400 1141 541 1185 εδοκει
556 1160 628 1185 και
642 1142 890 1199 γλαφυρον,
911 1139 1191 1198 χρώμενοςδ’
1209 1158 1319 1196 αυτη
1334 1157 1404 1182 κα

57 1206 255 1264 τακόρως
268 1205 427 1250 πολλο
409 1225 459 1258 υς
474 1205 622 1250 ἐλύπει
642 1206 714 1250 καὶ
731 1211 998 1262 κακοηθειας
1018 1205 1236 1262 ἐλάμβανε
1257 1204 1401 1257 δόξαν.

147 1280 215 1323 36.
247 1279 358 1322 Plut.
390 1278 470 1322 Cic.
504 1284 532 1321 7
567 1275 722 1321 Πολλὰ
761 1282 966 1334 χαρίεντα
1005 1275 1405 1352 διαμνημονεύεται

59 1345 132 1388 καὶ
163 1343 262 1401 περὶ
295 1345 468 1398 ἐκείνην
501 1340 639 1386 αὐτοῦ
667 1343 942 1399 (Κικέρωνος
967 1340 1076 1385 κατὰ
1102 1342 1296 1398 Βέῤῥου)
1322 1339 1405 1395 τὴν

7 1421 40 1446 20
61 1412 200 1463 δικην.
256 1409 431 1464 Βέῤῥην
463 1406 547 1463 γὰρ
581 1408 626 1450 οἱ
650 1405 855 1461 Ῥωμαῖοι
886 1405 965 1450 τὸν
997 1406 1054 1462 μὴ
1089 1407 1405 1486 ἐκτετμημένον

59 1483 214 1531 χοῖρον
233 1475 459 1516 καλοῦσιν.
491 1470 566 1523 Ὡς
586 1466 670 1515 οὖν
691 1470 1033 1528 ἀπελευθερικὸς
1052 1471 1292 1527 ἄνθρωπος
1312 1474 1406 1514 ἔνο-

59 1555 134 1595 χος
164 1540 224 1598 τῷ
258 1539 518 1591 ἰουδαΐζειν,
557 1535 699 1592 ὄνομα
731 1541 981 1592 Καικίλιος,
1024 1535 1229 1591 ἐβούλετο
1261 1551 1406 1591 παρω-

61 1602 250 1659 σάμενος
282 1601 386 1653 τοὺς
415 1601 684 1653 Σικελιώτας
714 1610 976 1658 κατηγορεῖν
1006 1603 1087 1644 τοῦ
1113 1602 1302 1657 Βέρρου,
1335 1602 1409 1643 Τί

56 1666 258 1726 Ἰουδαίῳ
291 1665 402 1721 πρὸς
434 1666 624 1722 χοῖρον;’
657 1669 740 1722 ἔφη
774 1664 797 1709 6
831 1668 1047 1722 Κικέρων.

11 1745 41 1770 ²5
150 1739 219 1781 37.
255 1739 366 1780 Plut.
404 1737 484 1780 Cw.
524 1742 551 1779 7
583 1738 662 1780 Ην
704 1736 752 1780 δε
788 1739 848 1794 τῷ
886 1738 1032 1794 Βέρρῃ
1072 1734 1276 1788 αντίπαις
1311 1734 1408 1787 υιὸς

63 1801 142 1846 οὐκ
175 1804 438 1857 ἐλευθερίως
465 1804 611 1845 δοκῶν
638 1805 934 1858 προίστασθαι
960 1806 1036 1858 τῆς
1069 1800 1196 1858 ω’ρας.
1246 1803 1408 1844 Λοιδο-

61 1867 216 1924 ρηθεὶς
249 1869 332 1911 οὐν
365 1865 387 1910 6
422 1868 626 1924 Κικέρων
659 1870 720 1919 εἰς
754 1871 971 1923 μαλακίαν
1003 1865 1090 1911 ὑπὸ
1122 1870 1203 1910 τοῦ
1234 1867 1409 1924 Βέῤῥου

63 1936 185 1985 Τοῖς
215 1934 346 1984 υιοῖς’
350 1967 361 1989 ,
394 1930 535 1988 εἶπεν,
568 1931 708 1984 ἐντὸς
738 1935 896 1988 θυρῶν
929 1936 999 1976 δεῖ
1027 1933 1360 1988 λοιδορεῖσθαιῖ

150 2007 218 2048 38.
250 2006 361 2047 Plut.
389 2005 468 2047 Cic.
496 2010 524 2047 7
552 2007 643 2047 Τοῦ
676 2003 725 2047 δὲ
756 2003 942 2059 ῥήτορος
961 2002 1191 2061 Ὁρτησίου
1214 2001 1296 2059 τὴν
1328 2003 1409 2059 μὲν

18 2085 42 2110 ιο
63 2068 246 2113 εὐθεῖαν
282 2071 342 2128 τῷ
375 2069 519 2126 Βέρρῃ
559 2078 783 2112 συνειπεῖν
820 2067 878 2124 μὴ
916 2068 1237 2125 τολμήσαντος,
1279 2070 1328 2112 ἐν
1361 2068 1410 2112 δὲ

61 2136 120 2194 τῷ
158 2132 365 2189 τιμήματι
403 2134 662 2185 πεισθέντος
704 2135 1034 2190 παραγενέσθαι
1076 2134 1150 2177 καὶ
1193 2134 1410 2190 λαβόντος

63 2200 354 2254 ἐλεφαντίνην
386 2202 567 2254 Σφίγγα
603 2197 770 2255 μισθὸν
801 2197 897 2242 εἶπέ
923 2215 966 2242 τι
997 2203 1192 2255 πλαγίως
1224 2197 1247 2242 6
1280 2200 1410 2242 Κικέ-

63 2280 154 2320 ρων
185 2261 295 2319 πρὸς
321 2262 477 2307 αὐτόν·
508 2266 588 2307 τοῦ
617 2263 665 2307 δὲ
690 2264 914 2320 φήσαντος
942 2264 1216 2320 αἰνιγμάτων
1242 2262 1411 2315 λύσεως

62 2326 252 2385 ἀπείρως
289 2331 403 2384 ἔχειν
435 2327 547 2371 (Καὶ
585 2327 674 2385 μὴν
713 2328 781 2373 ἐπὶ
818 2331 895 2384 τῆς
932 2331 1072 2380 οἰκίας
1108 2327 1191 2385 τὴν
1227 2332 1410 2385 Σφίγγα
