1673 2505
628 80 727 114 CAP.
758 85 859 116 1-3.
909 85 928 123 fi
956 85 1056 117 1—8.
1429 82 1517 123 215

172 202 268 229 vere
299 189 456 242 potest.
519 186 655 228 Omne
688 190 849 241 autem,
888 187 1002 242 quod
1034 187 1246 243 gignitur,
1287 202 1337 230 ex
1370 189 1516 243 aliqua

170 260 300 288 causa
332 245 452 301 gigni
478 259 650 287 necesse
677 249 760 300 est3
791 246 952 302 nullius
979 246 1093 287 enim
1113 246 1175 287 rei
1195 260 1324 287 causa
1348 251 1516 290 remota

168 304 348 358 reperiri
367 304 490 359 origo
510 307 667 358 potest.
713 303 920 352 Quocirca
940 304 977 346 si
995 304 1045 359 is,
1072 304 1145 359 qui
1165 305 1339 359 aliquod
1360 320 1514 347 munus
1542 317 1562 346 4

169 362 336 404 efficere
368 363 559 417 molitur,
592 377 685 404 eam
716 364 913 418 speciem,
939 377 1048 418 quae
1074 377 1243 418 semper
1270 363 1415 405 eadem
1438 367 1515 418 est,

134 434 150 458 ⁵
169 421 409 462 intuebitur
434 423 564 475 atque
583 420 625 462 id
647 421 730 463 sibi
750 424 963 476 proponet
983 422 1213 476 exemplar,
1244 422 1514 477 praeclarum

169 493 277 534 opus
309 478 468 521 efficiat
499 494 672 521 necesse
705 483 788 533 est3
821 480 888 521 sin
919 483 1063 522 autem
1096 495 1203 534 eam,
1235 495 1344 535 quae
1374 481 1511 537 gigni·

168 541 257 592 tur,
293 552 527 592 numquam
566 538 707 592 illam,
754 553 883 592 quam
922 541 1109 594 expetet,
1149 539 1512 594 pulchritudinem

169 599 466 650 consequetur.
528 595 664 638 Omne
695 597 831 653 igitur
862 598 1028 639 caelum
1060 598 1150 639 sive
1182 598 1384 652 mundus,
1426 598 1515 640 sive

169 669 253 709 quo
298 655 384 696 alio
431 655 643 697 vocabulo
683 655 859 711 gaudet,
897 656 979 698 hoc
1017 671 1042 698 a
1078 655 1205 698 nobis
1241 660 1515 712 nuncupatus

117 726 148 750 10
169 714 227 754 sit
258 737 314 743 --
354 713 404 755 de
437 728 521 768 quo
558 714 602 755 id
639 715 827 769 primum
871 714 1207 769 consideremus,
1251 715 1365 770 quod
1402 716 1515 771 prin·
1544 726 1562 753 5

168 772 280 826 cipio
326 774 392 813 est
434 772 480 813 in
518 773 636 814 omni
683 773 934 827 quaestione
985 773 1359 828 considerandum,
1410 788 1516 816 sem-

168 845 298 885 perne
341 830 474 872 fuerit
515 831 636 873 nullo
683 834 913 887 generatus
958 834 1075 887 ortu,
1120 847 1174 873 an
1212 833 1429 887 ortusssit
1462 834 1515 874 ab

169 889 315 944 aliquo
347 889 556 944 temporis
588 890 845 945 principatu.
896 889 1027 932 Ortus
1061 893 1139 944 est,
1171 892 1517 946 quandoquidem

169 948 357 989 cernitur
389 951 431 989 et
457 948 653 1004 tangitur
679 951 722 990 et
748 951 814 990 est
839 949 1025 1003 undique
1051 953 1317 1004 corporatus.
1341 949 1518 992 &Omnia

117 1019 148 1044 15
170 1008 314 1048 autem
345 1007 454 1048 talia
483 1021 656 1048 sensum
682 1010 869 1061 movent,
902 1020 1136 1062 sensusque
1162 994 1382 1050 moventia
1408 1024 1517 1063 quae

169 1067 283 1118 sunt,
302 1065 482 1106 eadem
470 1080 515 1106 111
533 1065 781 1131 opinatione
797 1065 1041 1107 considunt:
1034 1081 1170 1120 quae
1192 1069 1335 1108 ortum
1355 1067 1516 1109 habere

134 1123 375 1179 gignique
407 1123 605 1176 diximus,
636 1119 746 1165 nihil
773 1126 918 1165 autem
945 1107 1066 1180 gigni
1092 1139 1220 1179 posse
1247 1125 1337 1167 sine
1363 1127 1515 1168 causis

168 1182 313 1236 Atque
344 1182 469 1223 illum
490 1182 662 1236 quidem
683 1183 806 1237 quasi
825 1186 1049 1238 paientem
1069 1183 1197 1225 huius
1217 1184 1514 1226 universitatis
1544 1196 1562 1225 15

168 1240 360 1282 invenire
398 1240 572 1282 difficile
611 1243 672 1294 et,
715 1256 812 1283 cum
849 1241 937 1283 iam
973 1241 1208 1296 inveneris,
1245 1242 1433 1284 indicare
1470 1243 1516 1284 in

116 1312 149 1336 2ο
169 1300 323 1354 vulgus
355 1299 489 1342 nefas.
538 1299 705 1341 Rursus
737 1299 872 1355 igitur
903 1300 1145 1355 videndum,
1175 1301 1251 1342 ille
1278 1301 1517 1344 fabricator

169 1358 294 1399 huius
326 1358 440 1399 tanti
472 1358 614 1413 operis
646 1361 792 1399 utrum
825 1358 883 1399 sit
913 1359 1110 1401 imitatus
1143 1360 1373 1414 exemplar,
1404 1360 1516 1413 idne,

170 1416 283 1470 quod
310 1430 479 1472 semper
509 1431 642 1458 unum
673 1421 711 1459 et
739 1417 853 1458 idem
886 1420 929 1459 et
961 1417 1027 1459 sui
1055 1418 1207 1473 simile,
1239 1433 1296 1460 an
1319 1418 1375 1474 id,
1401 1420 1516 1474 quod

170 1478 424 1530 generatum
463 1477 691 1530 ortumque
730 1475 921 1518 dicimus.
983 1476 1121 1531 Atqui
1159 1477 1196 1518 si
1232 1477 1411 1532 pulcher
1449 1477 1539 1520 est'

167 1533 238 1575 hic
267 1534 450 1575 mundus
478 1536 521 1575 et
547 1534 584 1575 si
608 1534 770 1589 probus
797 1534 887 1576 eius
913 1535 1081 1590 artifeX,
1106 1536 1301 1590 profecto
1328 1536 1515 1591 speciem

116 1604 149 1630 25
171 1593 440 1634 aeternitatis
471 1593 636 1634 imitari
672 1593 844 1648 maluit,
882 1593 950 1635 sin
988 1608 1125 1647 secus,
1168 1594 1281 1649 quod
1311 1609 1365 1636 ne
1398 1595 1514 1637 dictu

169 1650 361 1705 quidem.
371 1651 439 1693 fas
466 1654 551 1704 est,
585 1654 838 1707 generatum
870 1653 1112 1718 exemplum
1142 1656 1208 1694 est
1233 1667 1312 1707 pro
1338 1656 1513 1695 aeterno

168 1712 351 1752 secutus.
411 1709 512 1751 Νο11
542 1685 678 1766 igitur
709 1710 904 1766 dubium,
943 1711 1046 1765 quin
1087 1712 1388 1753 aeternitatem
1427 1727 1513 1754 ma·
1543 1724 1560 1753 7

22 1768 120 1779 'm
126 1758 365 1810 :luerit
329 1769 514 1823 exsequi,
547 1769 893 1834 quandoquidem
923 1784 1061 1824 neque
1094 1770 1252 1811 mundo
1285 1771 1514 1825 quicquam

167 1827 389 1882 pulchrius
414 1842 552 1882 neque
572 1827 662 1869 eius
683 1828 956 1869 aedificatore
975 1829 1279 1882 praestantius.
1321 1828 1390 1871 Sic
1411 1844 1514 1885 ergo

116 1898 149 1923 30
170 1888 399 1941 generatus
431 1886 485 1927 ad
513 1886 557 1927 id
577 1888 643 1928 est
669 1886 858 1940 effectus,
884 1887 998 1941 quod
1023 1887 1191 1929 ratione
1217 1887 1515 1943 sapientiaque

169 1944 530 1999 conprehenditur
550 1947 679 2000 atque
701 1945 958 1987 aeternitate
982 1945 1232 1988 inmutabili
1257 1947 1515 1988 continetur.

168 2002 235 2044 Ex
267 2017 350 2057 quo
384 2003 580 2056 efficitur,
612 2006 661 2044 ut
693 2004 750 2045 sit
781 2018 954 2045 necesse
978 2004 1103 2059 hunc,
1135 2019 1262 2059 quem
1288 2006 1515 2060 cernimus,

169 2061 374 2103 mundum
411 2062 689 2105 simulacrum
728 2065 950 2104 aeternum
988 2077 1081 2104 esse
1120 2064 1299 2105 alieuius
1340 2065 1514 2106 aeterni.

167 2119 483 2162 Difficillimum
537 2123 682 2162 autem
733 2123 799 2162 est
842 2121 886 2162 in
930 2121 1047 2163 omni
1092 2122 1405 2177 conquisitione
1450 2138 1515 2164 ra-

114 2189 150 2215 ³5
170 2178 300 2220 tionis
332 2179 565 2221 exordium.
625 2179 691 2221 De
722 2179 776 2221 iis
814 2179 966 2235 igitur,
1011 2195 1119 2235 quae
1163 2181 1366 2236 diximus,
1408 2182 1514 2223 haec

171 2236 227 2277 sit
258 2236 398 2291 prima
423 2237 656 2280 distinctio.
701 2237 829 2280 Omni
861 2239 1047 2280 orationi
1079 2254 1176 2281 cum
1206 2240 1260 2281 iis
1290 2215 1430 2295 rebus,
1463 2240 1513 2281 de
1540 2226 1566 2308 ἒ

170 2295 324 2350 quibus
357 2296 554 2351 explicat,
585 2296 755 2339 videtur
784 2311 876 2339 esse
903 2298 1115 2353 cognatio.
1159 2298 1313 2353 Itaque
1339 2313 1436 2340 cum
1463 2299 1513 2340 de
