1663 2490
226 72 308 112 146
544 70 666 105 CATO
692 69 846 104 MAIOR
872 69 936 103 DE
963 69 1242 104 SENECTUTE

224 178 294 234 Sp.
336 178 601 231 Postumius,
644 176 690 218 T.
728 175 932 217 Veturius
975 177 1169 218 consules
1215 178 1405 232 superati
1448 182 1560 233 sunt,

224 195 413 279 loPcutum
436 236 671 289 Archytam
691 233 912 276 Nearchus
933 233 1201 289 Tarentinus,
1223 235 1380 290 hospes
1399 239 1560 302 noster,

226 296 297 350 qui
316 296 360 336 in
386 294 575 336 amicitia
600 293 749 359 populi
768 292 952 334 Romani
976 297 1284 349 permanserat,
1310 309 1353 336 se
1380 310 1405 336 a
1430 296 1560 337 maio-

224 355 342 395 ribus
374 357 479 394 natu
511 352 723 406 accepisse
756 351 943 405 dicebat,
974 366 1069 394 cum
1102 352 1271 406 quidem
1304 353 1342 394 ei
1374 354 1561 395 sermoni

225 412 491 454 interfuisset
514 411 641 452 Plato
664 410 952 464 Atheniensis,
985 424 1110 464 quem
1136 410 1369 452 Tarentum
1394 412 1560 453 venisse
1597 424 1614 449 5

158 481 199 512 42
225 471 270 512 L.
301 470 496 523 Camillo,
529 469 611 523 Ap.
643 467 821 510 Claudio
854 469 1100 510 consulibus
1131 470 1308 524 reperio.
1371 469 1561 518 Quorsus

226 530 334 571 hoc?
378 528 439 570 Ut
464 527 788 582 intellegeretis,
812 526 850 568 si
868 528 1135 582 voluptatem
1156 529 1374 583 aspernari
1394 530 1562 571 ratione

227 591 270 629 et
308 587 519 642 sapientia
553 600 640 627 non
676 599 916 641 possemUS,
953 600 1154 641 magnam
1190 586 1432 628 habendam
1469 602 1562 629 0550

227 646 435 688 senectuti
473 644 677 700 gratiam,
721 659 828 698 quae
866 644 1069 698 efficeret,
1111 647 1160 685 ut
1196 645 1240 685 id
1275 660 1361 687 non
1397 646 1562 700 liberet,

227 705 340 759 quod
361 719 448 746 non
474 705 703 759 oporteret.
751 702 937 757 Impedit
963 703 1075 744 enim
1101 703 1323 745 consilium
1349 705 1561 759 voluptas,
1583 716 1616 741 10

226 763 385 804 rationi
415 762 588 803 inimica
620 764 697 815 est,
728 761 896 815 mentis,
926 764 975 802 ut
1004 761 1067 802 ita
1098 761 1246 816 dicam,
1280 763 1563 818 praestringit

191 837 197 846 ‘
227 823 374 864 oculos
405 835 482 862 nec
507 820 640 862 habet
664 820 801 861 ullum
828 835 922 861 cum
948 819 1108 861 virtute
1135 821 1444 862 commercium.
1495 821 1563 862 In-

226 881 341 922 vitus
384 880 484 933 feci,
526 882 575 920 ut
616 878 844 920 fortissimi
886 878 968 920 viri
1011 878 1057 919 T.
1100 877 1331 920 Flaminini
1373 879 1564 934 fratrem,

227 938 273 980 L.
304 938 611 991 Flamininum,
649 952 670 978 e
709 940 859 978 senatu
891 937 1069 978 eicerem
1102 940 1267 992 septem
1299 938 1420 979 annis
1453 941 1564 993 post,

229 1012 357 1052 quam
389 997 538 1039 consul
568 996 739 1050 fuisset,
777 996 851 1037 sed
886 996 1120 1037 notandam
1151 996 1300 1051 putavi
1330 997 1562 1039 libidinem.
1585 1008 1616 1033 1⁵

228 1056 309 1097 Ille
335 1056 459 1109 enim,
491 1070 587 1097 cum
613 1056 726 1096 esset
751 1055 899 1096 consul
924 1055 970 1095 in
996 1053 1150 1107 Gallia,
1175 1057 1374 1096 exoratus
1399 1056 1444 1096 in
1468 1070 1564 1098 con—

228 1115 342 1156 vivio
376 1130 400 1156 a
438 1117 579 1155 scorto
619 1116 701 1167 est,
738 1115 786 1154 ut
824 1114 960 1154 securi
996 1113 1145 1154 feriret
1182 1114 1368 1167 aliquem
1406 1129 1565 1169 eorum,

229 1174 302 1228 qui
332 1174 376 1214 111
407 1173 588 1214 vinculis
621 1174 764 1213 essent
796 1171 988 1213 damnati
1013 1172 1074 1212 rei
1100 1172 1310 1226 capitalis.
1359 1171 1441 1214 Η10
1466 1173 1563 1214 Tito

228 1232 363 1273 fratre
408 1246 483 1273 suo
528 1245 719 1284 censore,
771 1230 842 1284 qui
885 1230 1104 1285 proximus
1149 1233 1247 1271 ante
1294 1245 1360 1272 1110
1409 1231 1564 1285 fuerat,

230 1291 400 1345 elapsus
435 1293 515 1344 est,
552 1289 658 1330 mihi
694 1303 794 1330 vero
834 1291 876 1330 013
912 1288 1064 1330 Flacco
1102 1289 1352 1343 neutiquam
1389 1290 1563 1344 probari
1585 1301 1619 1327 2⁰

230 1350 372 1404 potuit
402 1351 492 1390 tam
522 1347 741 1403 flagitiosa
772 1349 814 1388 et
845 1350 935 1388 tam
963 1347 1131 1402 perdita
1156 1347 1303 1402 libido,
1336 1362 1442 1402 quae
1468 1363 1565 1390 cum

163 1387 216 1470 i}
230 1408 388 1462 probro
432 1406 602 1461 privato
647 1406 922 1461 coniungeret
964 1405 1134 1460 1111Ρο111
1174 1406 1363 1448 dedecus.
1431 1405 1565 1462 Saepe

232 1466 374 1508 audivi
406 1480 456 1506 ex
487 1465 721 1506 maioribus
752 1467 868 1518 natu,
901 1465 973 1518 qui
1005 1479 1049 1506 se
1074 1479 1202 1519 porro
1228 1479 1382 1520 pueros
1410 1480 1435 1506 a
1459 1466 1565 1507 seni-

230 1526 310 1567 bus
352 1524 520 1566 audisse
565 1523 779 1577 dicebant,
822 1523 970 1564 mirari
1014 1523 1191 1564 solitum
1229 1522 1273 1565 C.
1310 1523 1565 1578 Fabricium,

232 1583 355 1638 quod,
382 1598 477 1624 cum
503 1583 616 1637 apud
641 1596 786 1638 regem
805 1581 1018 1636 Pyrrhum
1038 1582 1208 1638 legatus
1229 1585 1352 1637 esset,
1378 1583 1566 1624 audisset
1585 1595 1617 1621 25
1660 1597 1663 1608 =

232 1658 256 1684 a
288 1642 495 1683 Thessalo
528 1640 660 1682 Cinea
697 1654 788 1682 esse
826 1640 1036 1695 quendam
1071 1640 1272 1695 Athenis,
1310 1641 1382 1695 qui
1419 1656 1463 1683 se
1503 1656 1565 1683 sa-

231 1701 436 1756 pientem*
451 1700 737 1755 profiteretur,
769 1713 949 1754 eumque
978 1699 1114 1741 dicere
1141 1700 1293 1753 omnia,
1327 1714 1434 1754 quae
1458 1699 1566 1742 face-

232 1774 392 1813 remus,
435 1759 489 1800 ad
531 1759 800 1812 voluptatem
844 1772 936 1799 esse
979 1758 1210 1800 referenda.
1271 1757 1391 1807 Quod
1429 1773 1479 1800 ex
1517 1773 1565 1800 eo

233 1819 452 1860 audientes
483 1817 551 1858 M'.
579 1816 754 1858 Curium
787 1819 829 1858 et
854 1816 917 1857 Τ1.
944 1815 1255 1858 Coruncanium
1287 1819 1436 1871 optare
1469 1817 1564 1859 soli-

233 1880 318 1931 tos,
359 1880 407 1918 ut
443 1876 487 1917 id
524 1874 789 1917 Samnitibus
826 1875 993 1930 ipsique
1023 1875 1188 1930 Pyrrho
1225 1875 1565 1930 persuaderetur,
1585 1887 1618 1914 w
1658 1895 1659 1908 ³

234 1951 316 1990 quo
347 1935 518 1977 facilius
549 1934 662 1976 vinci
692 1937 879 1989 possent,
912 1948 1007 1975 011111
1039 1948 1082 1975 50
1107 1934 1403 1989 voluptatibus
1430 1934 1566 1976 dedis-

235 1997 341 2036 sent.
408 1993 586 2035 Vixerat
621 1993 689 2034 Μ’.
727 1991 880 2035 Curius
918 2007 1013 2034 cum
1056 1992 1101 2034 P.
1139 1992 1288 2047 Decio,
1333 1993 1405 2047 qui
1449 1993 1566 2048 quin-

235 2053 417 2107 quennio
451 2055 549 2093 ante
582 2066 678 2093 eum
710 2052 927 2093 consulem
959 2065 1002 2092 se
1034 2065 1111 2106 pro
1143 2066 1188 2092 re
1214 2051 1387 2106 publica
1413 2054 1565 2106 quarto
1662 2085 1663 2095 ,

235 2112 459 2153 consulatu
497 2111 744 2164 devoverat3
786 2112 912 2152 norat
951 2110 1128 2151 eundem
1165 2109 1404 2165 Fabricius,
1440 2113 1567 2153 norat
1660 2132 1663 2169 s

235 2169 543 2223 Coruncanius·
576 2169 649 2223 qui
680 2184 775 2211 cum
801 2183 850 2210 ex
876 2182 953 2210 sua
981 2168 1082 2221 vita,
1113 2171 1206 2209 tum
1233 2183 1281 2210 ex
1309 2169 1410 2223 eius,
1442 2183 1566 2223 quem
1585 2179 1610 2206 111
1645 2180 1663 2214 *⁵1

236 2228 346 2283 dico,
378 2227 481 2269 Deci
531 2228 645 2269 facto
677 2227 923 2269 iudicabant
955 2241 1046 2268 esse
1078 2226 1269 2281 profecto
1304 2227 1465 2282 aliquid
1495 2242 1566 2269 na-

235 2290 332 2328 tura
375 2286 600 2341 pulchrum
645 2290 772 2341 atque
815 2286 1100 2341 praeclarum,
1145 2286 1257 2340 quod
1300 2300 1376 2327 sua
1415 2289 1566 2341 sponte
