1673 2505
184 949 210 987 5

169 1000 209 1029 12

170 1619 208 1648 13

239 92 324 133 428
416 92 593 127 ORATIO
619 91 780 126 PRIDIE
809 91 945 133 QUAM
970 92 1022 126 IN
1046 92 1250 128 EXILIUM
1274 93 1395 129 IRET.

239 214 385 241 rorum
415 200 615 254 periculis
648 200 902 240 haberemus
934 200 1140 253 animum,
1181 215 1305 255 quem
1336 201 1381 242 in
1411 202 1572 243 nostris

240 258 584 312 difficultatibus,
631 259 672 299 et
711 272 789 312 pro
826 258 1176 300 innocentissimo
1215 273 1381 313 quoque
1419 274 1573 315 propu-

240 331 371 373 gnare
398 320 440 358 et
465 316 817 358 nocentissimum
844 331 1052 371 quemque
1078 331 1325 372 oppugnare
1344 318 1469 360 nobis
1488 319 1572 359 uti-

238 376 451 417 lissimum
477 389 569 416 esse
590 375 915 428 arbitraremur3
941 377 995 429 et,
1022 375 1058 416 si
1083 390 1179 416 cum
1199 376 1352 430 optimi
1371 377 1572 431 cuiusque

237 434 365 475 rebus
404 433 595 475 advorsis
632 436 827 474 nostram
866 434 1066 484 salutem,
1110 448 1205 475 cum
1246 434 1596 477 deterrimorum5

239 495 382 534 autem
427 492 621 534 secundis
651 494 815 533 nostra
862 492 1052 547 pericula
1095 495 1293 547 putemus
1337 494 1572 548 coniuncta,

236 551 481 605 frequentes
520 550 712 605 profecto
750 550 912 592 talibus
957 551 1122 592 conatis
1161 551 1330 593 obviam
1367 552 1429 593 ire
1465 553 1574 594 nita-

238 624 344 662 mur,
375 624 512 663 neque
543 609 702 664 partim
733 609 978 651 innocentia
1007 609 1121 663 freti,
1154 610 1314 665 partim
1344 610 1573 652 nobilitate

236 668 342 721 nixi,
380 668 541 723 partim
578 668 774 723 potentia
811 682 860 709 ac
891 668 1166 709 multitudine
1198 669 1431 711 amicorum
1461 669 1574 725 fulti,

238 741 333 768 cum
353 726 556 781 perfacile
577 726 868 768 existimemus
890 727 1232 768 adversariorum
1252 728 1338 768 vim
1359 743 1407 770 ac
1425 728 1573 770 factio·
1594 741 1626 766 10

236 800 334 826 nem
367 800 392 826 a
421 785 545 826 nobis
578 785 730 840 repelli
760 800 898 840 posse,
932 785 1075 827 subito
1106 786 1191 840 ipsi
1222 786 1354 827 simili
1384 787 1572 842 periculo

238 844 531 898 circumventi,
569 844 614 884 in
650 846 800 885 nostro
840 846 993 885 eventu
1031 844 1214 886 aliorum
1251 845 1573 888 reminiscentes

237 917 381 955 casus,
424 902 514 944 iure
558 902 601 943 id
638 903 763 944 nobis
803 903 990 944 accidere
1032 903 1291 958 nequiquam
1335 918 1574 958 queramur.

238 960 340 1009 Quis
373 965 430 1003 est
460 961 591 1015 enim,
623 961 827 1015 Quirites,
860 962 949 1016 qui,
981 976 1077 1003 cum
1107 962 1378 1004 inimicorum
1408 966 1574 1005 nostro-

236 1035 332 1061 rum
374 1020 463 1061 vim
506 1035 555 1061 ac
597 1020 849 1062 violentiam
892 1020 1125 1075 perspiciat
1163 1036 1340 1075 cumque
1377 1024 1574 1063 nostrum
1595 1033 1627 1059 15
1659 1023 1673 1050 ¹⁵

235 1078 645 1133 periculosissimum
677 1093 823 1120 casum
854 1082 1151 1135 recognoscat,
1190 1080 1263 1134 qui
1293 1095 1380 1122 non
1412 1081 1494 1122 sibi
1526 1096 1574 1122 ac

237 1137 324 1178 suis
364 1136 531 1178 diffidat
567 1138 782 1179 fortunis?
845 1137 936 1186 Quo
975 1139 1086 1179 enim
1119 1153 1163 1180 se
1196 1139 1301 1180 satis
1333 1142 1475 1180 tutum
1508 1154 1574 1181 ar-

236 1196 469 1237 bitrabitur
500 1197 742 1251 praesidio?
774 1197 948 1237 virtutis
982 1197 1149 1252 gloria?
1199 1197 1259 1238 At
1291 1213 1340 1239 ea
1370 1212 1448 1239 nos
1479 1198 1574 1253 ipsa

235 1255 317 1296 hoc
352 1257 545 1310 tempore
585 1258 819 1310 oppugnat.
880 1255 1156 1297 Multitudine
1189 1256 1451 1298 amicorum?
1513 1258 1574 1298 At

236 1329 389 1368 parum
421 1316 486 1354 est
516 1313 651 1355 fortes
684 1328 775 1355 0880
808 1314 985 1368 amicos,
1025 1315 1061 1355 si
1097 1315 1143 1355 in
1174 1329 1319 1356 eorum
1357 1317 1573 1370 potestate
1593 1326 1627 1352 20

234 1375 386 1413 nostra
418 1372 502 1413 sita
534 1373 650 1413 salus
682 1387 769 1413 non
801 1375 877 1414 est.
920 1372 1144 1414 Paucitate
1169 1373 1469 1416 inimicorum?
1512 1375 1573 1415 At

234 1431 277 1471 id
302 1446 390 1472 non
414 1431 459 1472 in
482 1431 630 1485 ipsius,
657 1431 731 1472 sed
755 1431 799 1471 in
826 1431 1008 1472 aliorum
1034 1432 1257 1473 voluntate
1283 1433 1472 1487 positum
1497 1435 1574 1474 est.

234 1488 348 1531 Nam
378 1504 465 1531 non
497 1490 602 1531 satis
636 1492 712 1543 081,
742 1504 795 1530 110
828 1490 894 1531 0111
925 1490 1126 1531 iniuriam
1157 1491 1307 1545 facias,
1338 1491 1575 1546 providere,

236 1548 273 1589 si
304 1551 450 1589 tamen
482 1551 581 1590 sunt
612 1548 846 1590 voluntarii
877 1549 1049 1602 inimici,
1082 1549 1154 1603 qui
1184 1550 1270 1590 tuis
1297 1550 1498 1604 praemiis
1530 1553 1573 1591 10

236 1610 497 1662 oppugnent.
565 1608 708 1662 Atque
753 1607 856 1648 adeo
901 1623 996 1649 cum
1040 1608 1145 1649 haec
1189 1609 1333 1650 omnia
1375 1609 1572 1650 omnibus
1593 1612 1673 1646 251ἶ

236 1668 335 1707 811111
368 1666 517 1721 gravia
549 1668 677 1720 atque
709 1667 882 1720 acerba,
912 1669 1005 1708 tum
1037 1682 1137 1708 vero
1168 1667 1293 1708 nobis
1326 1668 1482 1709 misera
1513 1670 1574 1709 at-

236 1739 315 1779 que
352 1725 641 1778 intoleranda,
680 1739 861 1779 quorum
901 1728 943 1766 et
981 1726 1121 1767 officia
1157 1726 1202 1767 in
1237 1741 1326 1767 rem
1357 1727 1572 1781 publicam

233 1783 529 1825 recentissima
555 1786 597 1825 et
622 1784 892 1826 incommoda
925 1785 979 1825 ob
1011 1799 1101 1825 rem
1132 1785 1350 1839 publicam
1380 1785 1573 1840 frequen—

233 1842 404 1883 tissima
429 1842 474 1883 in
498 1842 666 1884 familia
689 1845 928 1884 versantur.
978 1842 1103 1885 Nunc
1136 1844 1172 1884 si
1204 1844 1350 1885 eadem
1383 1844 1572 1886 condicio

235 1901 557 1956 disceptationis
590 1904 875 1956 proponetur,
907 1901 1032 1956 aequi
1064 1902 1280 1944 auditores
1313 1903 1572 1944 adhibebun-
1593 1914 1632 1940 30-
1667 1906 1673 1931 ³

233 1962 316 2013 tur,
342 1974 465 2001 aures
490 1975 578 2002 non
603 1960 813 2001 obtunsae
838 1961 1147 2015 criminatione,
1175 1961 1248 2002 sed
1273 1976 1429 2002 vacuae
1454 1976 1574 2016 prae-

233 2018 466 2073 bebuntur3
498 2019 570 2073 qui
597 2021 697 2060 sunt
723 2019 907 2060 assecuti
934 2034 1148 2061 summum
1174 2020 1353 2075 gradum
1385 2020 1573 2073 honoris,

233 2091 319 2118 non
357 2077 713 2132 despoliabuntur
749 2078 928 2131 honore,
973 2078 1046 2132 qui
1089 2081 1280 2133 sperant,
1323 2078 1493 2120 facilius
1532 2081 1574 2120 et

232 2136 463 2190 proclivius
497 2136 549 2177 ad
581 2136 752 2177 laudem
777 2137 1020 2178 nobilitatis
1046 2137 1305 2191 pervenient.
1355 2136 1493 2186 Quam
1519 2138 1573 2179 ob

232 2209 322 2235 rem
359 2195 460 2236 nolo
499 2210 566 2236 me
605 2195 708 2236 duce
751 2195 948 2250 supplicii
986 2210 1060 2237 vos
1100 2196 1152 2237 ad
1188 2196 1381 2237 fraudem
1414 2196 1574 2250 deduci,
1593 2206 1639 2243 35,
1671 2200 1673 2207 '

231 2255 280 2294 ut
325 2267 404 2308 ego
450 2254 503 2294 ad
545 2253 777 2308 pristinum
821 2256 984 2295 statum
1027 2254 1213 2296 recidam
1254 2269 1388 2296 casus.
1450 2254 1574 2296 Nunc
1658 2304 1659 2307 Ἴ

230 2312 378 2367 igitur,
411 2312 447 2352 si
479 2312 628 2367 lingua
654 2314 719 2353 est
745 2313 1088 2368 concertandum,
1120 2313 1389 2355 innocentiae
1416 2314 1573 2355 virtute
1605 2355 1607 2357 ,

1657 729 1669 754 10

1646 1707 1649 1719 1

1644 1723 1649 1743 1
