<?xml version="1.0" encoding="UTF-8"?>
<!DOCTYPE html PUBLIC "-//W3C//DTD XHTML 1.0 Transitional//EN"
    "http://www.w3.org/TR/xhtml1/DTD/xhtml1-transitional.dtd">
<html xmlns="http://www.w3.org/1999/xhtml" xml:lang="en" lang="en">
 <head>
  <title>
</title>
<meta http-equiv="Content-Type" content="text/html;charset=utf-8" />
  <meta name='ocr-system' content='tesseract 3.04.00' />
  <meta name='ocr-capabilities' content='ocr_page ocr_carea ocr_par ocr_line ocrx_word'/>
</head>
<body>
  <div class='ocr_page' id='page_1' title='image "./p3scriptaquaemanse04ciceuoft_0152.png"; bbox 0 0 1663 2490; ppageno 0'>
   <div class='ocr_carea' id='block_1_1' title="bbox 130 571 170 602">
    <p class='ocr_par' dir='ltr' id='par_1_1' title="bbox 130 571 170 602">
     <span class='ocr_line' id='line_1_1' title="bbox 130 571 170 602; baseline 0 0"><span class='ocrx_word' id='word_1_1' title='bbox 130 571 170 602; x_wconf 73' lang='grc' dir='ltr'><strong>Π</strong></span> 
     </span>
    </p>
   </div>
   <div class='ocr_carea' id='block_1_2' title="bbox 128 1158 171 1190">
    <p class='ocr_par' dir='ltr' id='par_1_2' title="bbox 128 1158 171 1190">
     <span class='ocr_line' id='line_1_2' title="bbox 128 1158 171 1190; baseline -0.047 0"><span class='ocrx_word' id='word_1_2' title='bbox 128 1158 171 1190; x_wconf 77' lang='lat'>’78</span> 
     </span>
    </p>
   </div>
   <div class='ocr_carea' id='block_1_3' title="bbox 198 39 1007 82">
    <p class='ocr_par' dir='ltr' id='par_1_3' title="bbox 198 39 1007 82">
     <span class='ocr_line' id='line_1_3' title="bbox 198 39 1007 82; baseline -0.001 -7"><span class='ocrx_word' id='word_1_3' title='bbox 198 43 253 82; x_wconf 82' lang='lat'>84</span> <span class='ocrx_word' id='word_1_4' title='bbox 717 39 782 75; x_wconf 90' lang='lat' dir='ltr'>DE</span> <span class='ocrx_word' id='word_1_5' title='bbox 808 39 1007 75; x_wconf 85' lang='lat' dir='ltr'><strong>OFFICIIS</strong></span> 
     </span>
    </p>
   </div>
   <div class='ocr_carea' id='block_1_4' title="bbox 196 147 1653 2314">
    <p class='ocr_par' dir='ltr' id='par_1_4' title="bbox 196 147 1653 2314">
     <span class='ocr_line' id='line_1_4' title="bbox 197 147 1539 192; baseline 0.001 -2"><span class='ocrx_word' id='word_1_6' title='bbox 197 149 298 190; x_wconf 84' lang='lat' dir='ltr'>lerit</span> <span class='ocrx_word' id='word_1_7' title='bbox 332 148 606 190; x_wconf 89' lang='lat' dir='ltr'>tributorum.</span> <span class='ocrx_word' id='word_1_8' title='bbox 668 147 728 189; x_wconf 86' lang='lat' dir='ltr'>At</span> <span class='ocrx_word' id='word_1_9' title='bbox 765 147 835 189; x_wconf 89' lang='lat' dir='ltr'>hic</span> <span class='ocrx_word' id='word_1_10' title='bbox 871 148 979 189; x_wconf 85' lang='lat' dir='ltr'>nihil</span> <span class='ocrx_word' id='word_1_11' title='bbox 1018 148 1191 190; x_wconf 90' lang='lat' dir='ltr'>domum</span> <span class='ocrx_word' id='word_1_12' title='bbox 1229 163 1352 190; x_wconf 88' lang='lat' dir='ltr'>suam</span> <span class='ocrx_word' id='word_1_13' title='bbox 1391 149 1539 192; x_wconf 79' lang='lat' dir='ltr'>intulit</span> 
     </span>
     <span class='ocr_line' id='line_1_5' title="bbox 197 206 1536 263; baseline 0.001 -14"><span class='ocrx_word' id='word_1_14' title='bbox 197 210 369 263; x_wconf 87' lang='lat' dir='ltr'>praeter</span> <span class='ocrx_word' id='word_1_15' title='bbox 413 206 664 248; x_wconf 84' lang='lat' dir='ltr'>memoriam</span> <span class='ocrx_word' id='word_1_16' title='bbox 707 206 893 247; x_wconf 89' lang='lat' dir='ltr'>nominis</span> <span class='ocrx_word' id='word_1_17' title='bbox 945 206 1262 262; x_wconf 89' lang='lat' dir='ltr'>sempiternam.</span> <span class='ocrx_word' id='word_1_18' title='bbox 1334 206 1536 252; x_wconf 76' lang='lat' dir='ltr'>Imitatus</span> 
     </span>
     <span class='ocr_line' id='line_1_6' title="bbox 197 264 1536 321; baseline 0.001 -13"><span class='ocrx_word' id='word_1_19' title='bbox 197 269 365 321; x_wconf 87' lang='lat' dir='ltr'>patrem</span> <span class='ocrx_word' id='word_1_20' title='bbox 391 265 621 307; x_wconf 84' lang='lat' dir='ltr'>Africanus</span> <span class='ocrx_word' id='word_1_21' title='bbox 647 265 783 306; x_wconf 85' lang='lat' dir='ltr'>nihilo</span> <span class='ocrx_word' id='word_1_22' title='bbox 810 265 1067 319; x_wconf 74' lang='lat' dir='ltr'>locupletior</span> <span class='ocrx_word' id='word_1_23' title='bbox 1086 264 1351 321; x_wconf 71' lang='lat' dir='ltr'>Carthagine</span> <span class='ocrx_word' id='word_1_24' title='bbox 1377 280 1536 309; x_wconf 88' lang='lat' dir='ltr'>eversa.</span> 
     </span>
     <span class='ocr_line' id='line_1_7' title="bbox 199 322 1536 380; baseline 0.001 -14"><span class='ocrx_word' id='word_1_25' title='bbox 199 324 336 373; x_wconf 75' lang='lat' dir='ltr'>Quid?</span> <span class='ocrx_word' id='word_1_26' title='bbox 376 324 448 379; x_wconf 90' lang='lat' dir='ltr'>qui</span> <span class='ocrx_word' id='word_1_27' title='bbox 480 323 568 365; x_wconf 90' lang='lat' dir='ltr'>eius</span> <span class='ocrx_word' id='word_1_28' title='bbox 601 323 770 378; x_wconf 81' lang='lat' dir='ltr'>collega</span> <span class='ocrx_word' id='word_1_29' title='bbox 799 322 882 364; x_wconf 86' lang='lat' dir='ltr'>fuit</span> <span class='ocrx_word' id='word_1_30' title='bbox 912 323 956 364; x_wconf 87' lang='lat' dir='ltr'>in</span> <span class='ocrx_word' id='word_1_31' title='bbox 987 338 1184 378; x_wconf 89' lang='lat' dir='ltr'>censura,</span> <span class='ocrx_word' id='word_1_32' title='bbox 1215 324 1261 366; x_wconf 93' lang='lat' dir='ltr'>L.</span> <span class='ocrx_word' id='word_1_33' title='bbox 1293 323 1536 380; x_wconf 87' lang='lat' dir='ltr'>Mummius,</span> 
     </span>
     <span class='ocr_line' id='line_1_8' title="bbox 197 382 1588 438; baseline -0.001 -13"><span class='ocrx_word' id='word_1_34' title='bbox 197 383 403 438; x_wconf 88' lang='lat' dir='ltr'>numquid</span> <span class='ocrx_word' id='word_1_35' title='bbox 434 382 664 437; x_wconf 87' lang='lat' dir='ltr'>copiosior,</span> <span class='ocrx_word' id='word_1_36' title='bbox 703 396 798 423; x_wconf 92' lang='lat' dir='ltr'>cum</span> <span class='ocrx_word' id='word_1_37' title='bbox 836 382 1177 436; x_wconf 85' lang='lat' dir='ltr'>copiosissimam</span> <span class='ocrx_word' id='word_1_38' title='bbox 1213 383 1364 424; x_wconf 90' lang='lat' dir='ltr'>urbem</span> <span class='ocrx_word' id='word_1_39' title='bbox 1400 383 1537 425; x_wconf 88' lang='lat' dir='ltr'>fundi·</span> <span class='ocrx_word' id='word_1_40' title='bbox 1574 395 1588 418; x_wconf 80' lang='lat'>⁵</span> 
     </span>
     <span class='ocr_line' id='line_1_9' title="bbox 198 440 1537 496; baseline 0 -12"><span class='ocrx_word' id='word_1_41' title='bbox 198 445 268 484; x_wconf 89' lang='lat' dir='ltr'>tus</span> <span class='ocrx_word' id='word_1_42' title='bbox 306 440 582 483; x_wconf 76' lang='lat' dir='ltr'>sustulisset?</span> <span class='ocrx_word' id='word_1_43' title='bbox 642 440 817 481; x_wconf 88' lang='lat' dir='ltr'>Italiam</span> <span class='ocrx_word' id='word_1_44' title='bbox 855 455 1006 482; x_wconf 86' lang='lat' dir='ltr'>ornare</span> <span class='ocrx_word' id='word_1_45' title='bbox 1045 456 1173 496; x_wconf 85' lang='lat' dir='ltr'>quam</span> <span class='ocrx_word' id='word_1_46' title='bbox 1209 441 1383 483; x_wconf 89' lang='lat' dir='ltr'>domum</span> <span class='ocrx_word' id='word_1_47' title='bbox 1415 456 1537 484; x_wconf 89' lang='lat' dir='ltr'>suam</span> 
     </span>
     <span class='ocr_line' id='line_1_10' title="bbox 198 497 1538 555; baseline -0.001 -13"><span class='ocrx_word' id='word_1_48' title='bbox 198 501 368 555; x_wconf 82' lang='lat' dir='ltr'>maluit3</span> <span class='ocrx_word' id='word_1_49' title='bbox 397 513 655 554; x_wconf 84' lang='lat' dir='ltr'>quamquam</span> <span class='ocrx_word' id='word_1_50' title='bbox 675 497 806 540; x_wconf 86' lang='lat' dir='ltr'>Italia</span> <span class='ocrx_word' id='word_1_51' title='bbox 831 502 983 540; x_wconf 87' lang='lat' dir='ltr'>ornata</span> <span class='ocrx_word' id='word_1_52' title='bbox 1008 499 1158 541; x_wconf 88' lang='lat' dir='ltr'>domus</span> <span class='ocrx_word' id='word_1_53' title='bbox 1183 500 1280 555; x_wconf 91' lang='lat' dir='ltr'>ipsa</span> <span class='ocrx_word' id='word_1_54' title='bbox 1298 500 1405 542; x_wconf 90' lang='lat' dir='ltr'>mihi</span> <span class='ocrx_word' id='word_1_55' title='bbox 1426 501 1538 543; x_wconf 89' lang='lat' dir='ltr'>vide·</span> 
     </span>
     <span class='ocr_line' id='line_1_11' title="bbox 199 556 1538 614; baseline 0.001 -14"><span class='ocrx_word' id='word_1_56' title='bbox 199 563 269 602; x_wconf 90' lang='lat' dir='ltr'>tur</span> <span class='ocrx_word' id='word_1_57' title='bbox 307 559 510 601; x_wconf 89' lang='lat' dir='ltr'>ornatior.</span> <span class='ocrx_word' id='word_1_58' title='bbox 571 556 750 598; x_wconf 90' lang='lat' dir='ltr'>Nullum</span> <span class='ocrx_word' id='word_1_59' title='bbox 789 557 923 612; x_wconf 80' lang='lat' dir='ltr'>igitur</span> <span class='ocrx_word' id='word_1_60' title='bbox 959 558 1112 599; x_wconf 75' lang='lat' dir='ltr'>vitium</span> <span class='ocrx_word' id='word_1_61' title='bbox 1149 558 1330 600; x_wconf 88' lang='lat' dir='ltr'>taetrius</span> <span class='ocrx_word' id='word_1_62' title='bbox 1369 562 1451 614; x_wconf 90' lang='lat' dir='ltr'>est,</span> <span class='ocrx_word' id='word_1_63' title='bbox 1488 563 1538 601; x_wconf 85' lang='lat' dir='ltr'>ut</span> 
     </span>
     <span class='ocr_line' id='line_1_12' title="bbox 198 616 1537 673; baseline 0 -14"><span class='ocrx_word' id='word_1_64' title='bbox 198 633 260 672; x_wconf 91' lang='lat' dir='ltr'>eo,</span> <span class='ocrx_word' id='word_1_65' title='bbox 291 618 400 658; x_wconf 88' lang='lat' dir='ltr'>unde</span> <span class='ocrx_word' id='word_1_66' title='bbox 433 631 607 672; x_wconf 77' lang='lat' dir='ltr'>egressa</span> <span class='ocrx_word' id='word_1_67' title='bbox 632 619 709 670; x_wconf 87' lang='lat' dir='ltr'>est,</span> <span class='ocrx_word' id='word_1_68' title='bbox 742 616 900 658; x_wconf 82' lang='lat' dir='ltr'>referat</span> <span class='ocrx_word' id='word_1_69' title='bbox 931 630 976 658; x_wconf 89' lang='lat' dir='ltr'>se</span> <span class='ocrx_word' id='word_1_70' title='bbox 1003 617 1155 669; x_wconf 88' lang='lat' dir='ltr'>oratio,</span> <span class='ocrx_word' id='word_1_71' title='bbox 1188 632 1316 671; x_wconf 88' lang='lat' dir='ltr'>quam</span> <span class='ocrx_word' id='word_1_72' title='bbox 1343 618 1537 673; x_wconf 85' lang='lat' dir='ltr'>avaritia,</span> 
     </span>
     <span class='ocr_line' id='line_1_13' title="bbox 197 675 1653 732; baseline 0.001 -15"><span class='ocrx_word' id='word_1_73' title='bbox 197 676 452 732; x_wconf 86' lang='lat' dir='ltr'>praesertim</span> <span class='ocrx_word' id='word_1_74' title='bbox 484 676 528 716; x_wconf 90' lang='lat' dir='ltr'>in</span> <span class='ocrx_word' id='word_1_75' title='bbox 560 675 823 730; x_wconf 81' lang='lat' dir='ltr'>principibus</span> <span class='ocrx_word' id='word_1_76' title='bbox 857 678 899 716; x_wconf 89' lang='lat' dir='ltr'>et</span> <span class='ocrx_word' id='word_1_77' title='bbox 929 689 1020 716; x_wconf 89' lang='lat' dir='ltr'>rem</span> <span class='ocrx_word' id='word_1_78' title='bbox 1050 675 1267 730; x_wconf 83' lang='lat' dir='ltr'>publicam</span> <span class='ocrx_word' id='word_1_79' title='bbox 1299 676 1537 731; x_wconf 78' lang='lat' dir='ltr'>gubernari·</span> <span class='ocrx_word' id='word_1_80' title='bbox 1558 687 1590 711; x_wconf 86' lang='lat'>1⁰</span> <span class='ocrx_word' id='word_1_81' title='bbox 1646 688 1653 732; x_wconf 71' lang='lat'>,1&#39;</span> 
     </span>
     <span class='ocr_line' id='line_1_14' title="bbox 197 733 1649 788; baseline 0.001 -12"><span class='ocrx_word' id='word_1_82' title='bbox 197 736 326 776; x_wconf 83' lang='lat' dir='ltr'>tibus.</span> <span class='ocrx_word' id='word_1_83' title='bbox 375 734 546 776; x_wconf 85' lang='lat' dir='ltr'>Habere</span> <span class='ocrx_word' id='word_1_84' title='bbox 579 734 691 774; x_wconf 90' lang='lat' dir='ltr'>enim</span> <span class='ocrx_word' id='word_1_85' title='bbox 718 733 915 788; x_wconf 87' lang='lat' dir='ltr'>quaestui</span> <span class='ocrx_word' id='word_1_86' title='bbox 940 748 1029 775; x_wconf 91' lang='lat' dir='ltr'>rem</span> <span class='ocrx_word' id='word_1_87' title='bbox 1056 734 1273 788; x_wconf 83' lang='lat' dir='ltr'>publicam</span> <span class='ocrx_word' id='word_1_88' title='bbox 1297 749 1384 776; x_wconf 91' lang='lat' dir='ltr'>non</span> <span class='ocrx_word' id='word_1_89' title='bbox 1410 735 1537 777; x_wconf 91' lang='lat' dir='ltr'>modo</span> <span class='ocrx_word' id='word_1_90' title='bbox 1648 743 1649 746; x_wconf 76' lang='grc'>’</span> 
     </span>
     <span class='ocr_line' id='line_1_15' title="bbox 198 792 1538 849; baseline 0 -14"><span class='ocrx_word' id='word_1_91' title='bbox 198 798 323 849; x_wconf 80' lang='lat' dir='ltr'>turpe</span> <span class='ocrx_word' id='word_1_92' title='bbox 356 796 441 847; x_wconf 91' lang='lat' dir='ltr'>est,</span> <span class='ocrx_word' id='word_1_93' title='bbox 473 793 545 834; x_wconf 86' lang='lat' dir='ltr'>sed</span> <span class='ocrx_word' id='word_1_94' title='bbox 578 793 832 834; x_wconf 89' lang='lat' dir='ltr'>sceleratum</span> <span class='ocrx_word' id='word_1_95' title='bbox 864 792 996 834; x_wconf 88' lang='lat' dir='ltr'>etiam</span> <span class='ocrx_word' id='word_1_96' title='bbox 1028 794 1071 833; x_wconf 92' lang='lat' dir='ltr'>et</span> <span class='ocrx_word' id='word_1_97' title='bbox 1101 792 1324 834; x_wconf 90' lang='lat' dir='ltr'>nefarium.</span> <span class='ocrx_word' id='word_1_98' title='bbox 1373 792 1538 849; x_wconf 88' lang='lat' dir='ltr'>Itaque,</span> 
     </span>
     <span class='ocr_line' id='line_1_16' title="bbox 199 849 1539 907; baseline 0 -13"><span class='ocrx_word' id='word_1_99' title='bbox 199 852 311 907; x_wconf 85' lang='lat' dir='ltr'>quod</span> <span class='ocrx_word' id='word_1_100' title='bbox 349 851 509 907; x_wconf 85' lang='lat' dir='ltr'>Apollo</span> <span class='ocrx_word' id='word_1_101' title='bbox 541 850 723 905; x_wconf 86' lang='lat' dir='ltr'>Pythius</span> <span class='ocrx_word' id='word_1_102' title='bbox 763 851 952 892; x_wconf 83' lang='lat' dir='ltr'>oraclum</span> <span class='ocrx_word' id='word_1_103' title='bbox 991 850 1141 905; x_wconf 85' lang='lat' dir='ltr'>edidit,</span> <span class='ocrx_word' id='word_1_104' title='bbox 1178 849 1379 905; x_wconf 79' lang='lat' dir='ltr'>Spartam</span> <span class='ocrx_word' id='word_1_105' title='bbox 1416 853 1539 894; x_wconf 91' lang='lat' dir='ltr'>nulla</span> 
     </span>
     <span class='ocr_line' id='line_1_17' title="bbox 197 909 1538 964; baseline 0.001 -12"><span class='ocrx_word' id='word_1_106' title='bbox 197 926 242 953; x_wconf 88' lang='lat' dir='ltr'>re</span> <span class='ocrx_word' id='word_1_107' title='bbox 281 911 367 952; x_wconf 89' lang='lat' dir='ltr'>alia</span> <span class='ocrx_word' id='word_1_108' title='bbox 402 910 487 952; x_wconf 89' lang='lat' dir='ltr'>nisi</span> <span class='ocrx_word' id='word_1_109' title='bbox 525 909 707 951; x_wconf 87' lang='lat' dir='ltr'>avaritia</span> <span class='ocrx_word' id='word_1_110' title='bbox 745 924 837 951; x_wconf 85' lang='lat' dir='ltr'>esse</span> <span class='ocrx_word' id='word_1_111' title='bbox 875 910 1129 964; x_wconf 85' lang='lat' dir='ltr'>perituram,</span> <span class='ocrx_word' id='word_1_112' title='bbox 1166 910 1210 950; x_wconf 88' lang='lat' dir='ltr'>id</span> <span class='ocrx_word' id='word_1_113' title='bbox 1247 910 1415 952; x_wconf 87' lang='lat' dir='ltr'>videtur</span> <span class='ocrx_word' id='word_1_114' title='bbox 1451 926 1538 953; x_wconf 91' lang='lat' dir='ltr'>non</span> 
     </span>
     <span class='ocr_line' id='line_1_18' title="bbox 199 968 1590 1024; baseline 0 -13"><span class='ocrx_word' id='word_1_115' title='bbox 199 970 337 1012; x_wconf 90' lang='lat' dir='ltr'>solum</span> <span class='ocrx_word' id='word_1_116' title='bbox 378 968 745 1023; x_wconf 86' lang='lat' dir='ltr'>Lacedaemoniis,</span> <span class='ocrx_word' id='word_1_117' title='bbox 789 968 863 1010; x_wconf 88' lang='lat' dir='ltr'>sed</span> <span class='ocrx_word' id='word_1_118' title='bbox 906 968 1036 1010; x_wconf 84' lang='lat' dir='ltr'>etiam</span> <span class='ocrx_word' id='word_1_119' title='bbox 1080 968 1277 1010; x_wconf 88' lang='lat' dir='ltr'>omnibus</span> <span class='ocrx_word' id='word_1_120' title='bbox 1321 970 1536 1024; x_wconf 89' lang='lat' dir='ltr'>opulentis</span> <span class='ocrx_word' id='word_1_121' title='bbox 1558 980 1590 1005; x_wconf 78' lang='lat'>15</span> 
     </span>
     <span class='ocr_line' id='line_1_19' title="bbox 198 1026 1536 1084; baseline 0 -14"><span class='ocrx_word' id='word_1_122' title='bbox 198 1028 368 1084; x_wconf 80' lang='lat' dir='ltr'>populis</span> <span class='ocrx_word' id='word_1_123' title='bbox 406 1027 680 1083; x_wconf 82' lang='lat' dir='ltr'>praedixisse.</span> <span class='ocrx_word' id='word_1_124' title='bbox 740 1026 876 1069; x_wconf 88' lang='lat' dir='ltr'>Nulla</span> <span class='ocrx_word' id='word_1_125' title='bbox 913 1030 1057 1068; x_wconf 89' lang='lat' dir='ltr'>autem</span> <span class='ocrx_word' id='word_1_126' title='bbox 1094 1041 1139 1068; x_wconf 91' lang='lat' dir='ltr'>re</span> <span class='ocrx_word' id='word_1_127' title='bbox 1178 1027 1405 1069; x_wconf 86' lang='lat' dir='ltr'>conciliare</span> <span class='ocrx_word' id='word_1_128' title='bbox 1435 1028 1536 1070; x_wconf 86' lang='lat' dir='ltr'>faci-</span> 
     </span>
     <span class='ocr_line' id='line_1_20' title="bbox 198 1085 1538 1142; baseline 0 -13"><span class='ocrx_word' id='word_1_129' title='bbox 198 1088 280 1129; x_wconf 83' lang='lat' dir='ltr'>lius</span> <span class='ocrx_word' id='word_1_130' title='bbox 313 1086 649 1128; x_wconf 86' lang='lat' dir='ltr'>benivolentiam</span> <span class='ocrx_word' id='word_1_131' title='bbox 675 1085 964 1127; x_wconf 87' lang='lat' dir='ltr'>multitudinis</span> <span class='ocrx_word' id='word_1_132' title='bbox 990 1088 1173 1140; x_wconf 88' lang='lat' dir='ltr'>possunt</span> <span class='ocrx_word' id='word_1_133' title='bbox 1203 1086 1246 1140; x_wconf 90' lang='lat' dir='ltr'>ii,</span> <span class='ocrx_word' id='word_1_134' title='bbox 1279 1087 1351 1140; x_wconf 90' lang='lat' dir='ltr'>qui</span> <span class='ocrx_word' id='word_1_135' title='bbox 1376 1086 1438 1128; x_wconf 91' lang='lat' dir='ltr'>rei</span> <span class='ocrx_word' id='word_1_136' title='bbox 1463 1103 1538 1142; x_wconf 92' lang='lat' dir='ltr'>pu-</span> 
     </span>
     <span class='ocr_line' id='line_1_21' title="bbox 199 1145 1537 1201; baseline -0.001 -13"><span class='ocrx_word' id='word_1_137' title='bbox 199 1146 336 1188; x_wconf 89' lang='lat' dir='ltr'>blicae</span> <span class='ocrx_word' id='word_1_138' title='bbox 367 1147 585 1201; x_wconf 85' lang='lat' dir='ltr'>praesunt,</span> <span class='ocrx_word' id='word_1_139' title='bbox 617 1159 745 1199; x_wconf 90' lang='lat' dir='ltr'>quam</span> <span class='ocrx_word' id='word_1_140' title='bbox 778 1145 1040 1186; x_wconf 85' lang='lat' dir='ltr'>abstinentia</span> <span class='ocrx_word' id='word_1_141' title='bbox 1066 1147 1109 1186; x_wconf 86' lang='lat' dir='ltr'>et</span> <span class='ocrx_word' id='word_1_142' title='bbox 1132 1145 1407 1187; x_wconf 86' lang='lat' dir='ltr'>continentia.</span> <span class='ocrx_word' id='word_1_143' title='bbox 1455 1145 1537 1194; x_wconf 82' lang='lat' dir='ltr'>Qui</span> 
     </span>
     <span class='ocr_line' id='line_1_22' title="bbox 197 1204 1537 1260; baseline -0.001 -13"><span class='ocrx_word' id='word_1_144' title='bbox 197 1219 298 1247; x_wconf 87' lang='lat' dir='ltr'>vero</span> <span class='ocrx_word' id='word_1_145' title='bbox 325 1219 370 1246; x_wconf 91' lang='lat' dir='ltr'>se</span> <span class='ocrx_word' id='word_1_146' title='bbox 395 1204 624 1259; x_wconf 84' lang='lat' dir='ltr'>populares</span> <span class='ocrx_word' id='word_1_147' title='bbox 650 1204 803 1245; x_wconf 87' lang='lat' dir='ltr'>volunt</span> <span class='ocrx_word' id='word_1_148' title='bbox 831 1204 885 1244; x_wconf 93' lang='lat' dir='ltr'>ob</span> <span class='ocrx_word' id='word_1_149' title='bbox 913 1218 1090 1257; x_wconf 87' lang='lat' dir='ltr'>eamque</span> <span class='ocrx_word' id='word_1_150' title='bbox 1115 1218 1289 1245; x_wconf 91' lang='lat' dir='ltr'>causam</span> <span class='ocrx_word' id='word_1_151' title='bbox 1315 1207 1390 1246; x_wconf 89' lang='lat' dir='ltr'>aut</span> <span class='ocrx_word' id='word_1_152' title='bbox 1415 1219 1537 1260; x_wconf 85' lang='lat' dir='ltr'>agra-</span> 
     </span>
     <span class='ocr_line' id='line_1_23' title="bbox 197 1262 1635 1317; baseline -0.001 -12"><span class='ocrx_word' id='word_1_153' title='bbox 197 1264 307 1305; x_wconf 87' lang='lat' dir='ltr'>riam</span> <span class='ocrx_word' id='word_1_154' title='bbox 332 1278 423 1305; x_wconf 90' lang='lat' dir='ltr'>rem</span> <span class='ocrx_word' id='word_1_155' title='bbox 448 1264 678 1317; x_wconf 84' lang='lat' dir='ltr'>temptant,</span> <span class='ocrx_word' id='word_1_156' title='bbox 703 1265 752 1304; x_wconf 91' lang='lat' dir='ltr'>ut</span> <span class='ocrx_word' id='word_1_157' title='bbox 776 1276 1046 1317; x_wconf 89' lang='lat' dir='ltr'>possessores</span> <span class='ocrx_word' id='word_1_158' title='bbox 1073 1262 1289 1316; x_wconf 87' lang='lat' dir='ltr'>pellantur</span> <span class='ocrx_word' id='word_1_159' title='bbox 1316 1263 1403 1304; x_wconf 89' lang='lat' dir='ltr'>suis</span> <span class='ocrx_word' id='word_1_160' title='bbox 1431 1263 1537 1305; x_wconf 89' lang='lat' dir='ltr'>sedi·</span> <span class='ocrx_word' id='word_1_161' title='bbox 1556 1274 1589 1299; x_wconf 84' lang='lat'>20</span> <span class='ocrx_word' id='word_1_162' title='bbox 1634 1270 1635 1273; x_wconf 76' lang='grc'>’</span> 
     </span>
     <span class='ocr_line' id='line_1_24' title="bbox 197 1320 1536 1377; baseline -0.001 -13"><span class='ocrx_word' id='word_1_163' title='bbox 197 1323 295 1377; x_wconf 88' lang='lat' dir='ltr'>bus,</span> <span class='ocrx_word' id='word_1_164' title='bbox 339 1324 415 1363; x_wconf 90' lang='lat' dir='ltr'>aut</span> <span class='ocrx_word' id='word_1_165' title='bbox 458 1321 660 1376; x_wconf 88' lang='lat' dir='ltr'>pecunias</span> <span class='ocrx_word' id='word_1_166' title='bbox 704 1321 886 1363; x_wconf 89' lang='lat' dir='ltr'>creditas</span> <span class='ocrx_word' id='word_1_167' title='bbox 932 1320 1197 1362; x_wconf 87' lang='lat' dir='ltr'>debitoribus</span> <span class='ocrx_word' id='word_1_168' title='bbox 1235 1321 1536 1363; x_wconf 87' lang='lat' dir='ltr'>condonandas</span> 
     </span>
     <span class='ocr_line' id='line_1_25' title="bbox 197 1379 1537 1436; baseline -0.001 -13"><span class='ocrx_word' id='word_1_169' title='bbox 197 1383 370 1436; x_wconf 87' lang='lat' dir='ltr'>putant,</span> <span class='ocrx_word' id='word_1_170' title='bbox 407 1379 672 1422; x_wconf 83' lang='lat' dir='ltr'>labefactant</span> <span class='ocrx_word' id='word_1_171' title='bbox 707 1379 986 1421; x_wconf 86' lang='lat' dir='ltr'>fundamenta</span> <span class='ocrx_word' id='word_1_172' title='bbox 1022 1379 1083 1420; x_wconf 87' lang='lat' dir='ltr'>rei</span> <span class='ocrx_word' id='word_1_173' title='bbox 1114 1379 1328 1434; x_wconf 86' lang='lat' dir='ltr'>publicae,</span> <span class='ocrx_word' id='word_1_174' title='bbox 1367 1395 1537 1422; x_wconf 88' lang='lat' dir='ltr'>concor-</span> 
     </span>
     <span class='ocr_line' id='line_1_26' title="bbox 199 1438 1537 1494; baseline -0.001 -13"><span class='ocrx_word' id='word_1_175' title='bbox 199 1440 312 1482; x_wconf 89' lang='lat' dir='ltr'>diam</span> <span class='ocrx_word' id='word_1_176' title='bbox 343 1439 547 1494; x_wconf 89' lang='lat' dir='ltr'>primum,</span> <span class='ocrx_word' id='word_1_177' title='bbox 587 1453 694 1493; x_wconf 86' lang='lat' dir='ltr'>quae</span> <span class='ocrx_word' id='word_1_178' title='bbox 732 1442 824 1480; x_wconf 80' lang='lat' dir='ltr'>ess‘e</span> <span class='ocrx_word' id='word_1_179' title='bbox 861 1452 947 1480; x_wconf 89' lang='lat' dir='ltr'>non</span> <span class='ocrx_word' id='word_1_180' title='bbox 984 1440 1144 1492; x_wconf 87' lang='lat' dir='ltr'>potest,</span> <span class='ocrx_word' id='word_1_181' title='bbox 1182 1453 1277 1480; x_wconf 89' lang='lat' dir='ltr'>cum</span> <span class='ocrx_word' id='word_1_182' title='bbox 1317 1438 1412 1480; x_wconf 86' lang='lat' dir='ltr'>aliis</span> <span class='ocrx_word' id='word_1_183' title='bbox 1452 1439 1537 1481; x_wconf 88' lang='lat' dir='ltr'>adi·</span> 
     </span>
     <span class='ocr_line' id='line_1_27' title="bbox 198 1497 1536 1552; baseline -0.001 -12"><span class='ocrx_word' id='word_1_184' title='bbox 198 1501 383 1552; x_wconf 89' lang='lat' dir='ltr'>muntur,</span> <span class='ocrx_word' id='word_1_185' title='bbox 409 1498 506 1539; x_wconf 88' lang='lat' dir='ltr'>aliis</span> <span class='ocrx_word' id='word_1_186' title='bbox 532 1497 827 1539; x_wconf 85' lang='lat' dir='ltr'>condonantur</span> <span class='ocrx_word' id='word_1_187' title='bbox 851 1497 1066 1551; x_wconf 89' lang='lat' dir='ltr'>pecuniae,</span> <span class='ocrx_word' id='word_1_188' title='bbox 1093 1497 1242 1538; x_wconf 88' lang='lat' dir='ltr'>deinde</span> <span class='ocrx_word' id='word_1_189' title='bbox 1262 1498 1536 1552; x_wconf 84' lang='lat' dir='ltr'>aequitatem,</span> 
     </span>
     <span class='ocr_line' id='line_1_28' title="bbox 199 1556 1589 1612; baseline -0.001 -13"><span class='ocrx_word' id='word_1_190' title='bbox 199 1572 306 1612; x_wconf 89' lang='lat' dir='ltr'>quae</span> <span class='ocrx_word' id='word_1_191' title='bbox 337 1557 509 1598; x_wconf 87' lang='lat' dir='ltr'>tollitur</span> <span class='ocrx_word' id='word_1_192' title='bbox 540 1556 691 1609; x_wconf 91' lang='lat' dir='ltr'>omnis,</span> <span class='ocrx_word' id='word_1_193' title='bbox 723 1556 759 1597; x_wconf 89' lang='lat' dir='ltr'>si</span> <span class='ocrx_word' id='word_1_194' title='bbox 791 1556 948 1597; x_wconf 89' lang='lat' dir='ltr'>habere</span> <span class='ocrx_word' id='word_1_195' title='bbox 981 1570 1105 1597; x_wconf 89' lang='lat' dir='ltr'>suum</span> <span class='ocrx_word' id='word_1_196' title='bbox 1135 1556 1286 1610; x_wconf 90' lang='lat' dir='ltr'>cuique</span> <span class='ocrx_word' id='word_1_197' title='bbox 1310 1571 1397 1598; x_wconf 89' lang='lat' dir='ltr'>non</span> <span class='ocrx_word' id='word_1_198' title='bbox 1423 1557 1535 1599; x_wconf 90' lang='lat' dir='ltr'>licet.</span> <span class='ocrx_word' id='word_1_199' title='bbox 1556 1566 1589 1592; x_wconf 84' lang='lat'>2⁵</span> 
     </span>
     <span class='ocr_line' id='line_1_29' title="bbox 196 1614 1537 1670; baseline 0 -13"><span class='ocrx_word' id='word_1_200' title='bbox 196 1616 246 1657; x_wconf 84' lang='lat' dir='ltr'>Id</span> <span class='ocrx_word' id='word_1_201' title='bbox 278 1616 391 1657; x_wconf 88' lang='lat' dir='ltr'>enim</span> <span class='ocrx_word' id='word_1_202' title='bbox 423 1618 489 1657; x_wconf 89' lang='lat' dir='ltr'>est</span> <span class='ocrx_word' id='word_1_203' title='bbox 519 1615 759 1670; x_wconf 90' lang='lat' dir='ltr'>proprium,</span> <span class='ocrx_word' id='word_1_204' title='bbox 796 1617 845 1656; x_wconf 88' lang='lat' dir='ltr'>ut</span> <span class='ocrx_word' id='word_1_205' title='bbox 877 1629 1006 1669; x_wconf 82' lang='lat' dir='ltr'>supra</span> <span class='ocrx_word' id='word_1_206' title='bbox 1037 1614 1140 1669; x_wconf 83' lang='lat' dir='ltr'>dixi,</span> <span class='ocrx_word' id='word_1_207' title='bbox 1181 1615 1369 1657; x_wconf 82' lang='lat' dir='ltr'>civitatis</span> <span class='ocrx_word' id='word_1_208' title='bbox 1408 1618 1537 1670; x_wconf 89' lang='lat' dir='ltr'>atque</span> 
     </span>
     <span class='ocr_line' id='line_1_30' title="bbox 197 1673 1537 1728; baseline 0 -12"><span class='ocrx_word' id='word_1_209' title='bbox 197 1675 316 1716; x_wconf 88' lang='lat' dir='ltr'>urbis</span> <span class='ocrx_word' id='word_1_210' title='bbox 325 1708 335 1728; x_wconf 92' lang='lat'>,</span> <span class='ocrx_word' id='word_1_211' title='bbox 366 1677 414 1716; x_wconf 92' lang='lat' dir='ltr'>ut</span> <span class='ocrx_word' id='word_1_212' title='bbox 446 1674 503 1716; x_wconf 89' lang='lat' dir='ltr'>sit</span> <span class='ocrx_word' id='word_1_213' title='bbox 534 1673 670 1715; x_wconf 88' lang='lat' dir='ltr'>libera</span> <span class='ocrx_word' id='word_1_214' title='bbox 703 1675 746 1714; x_wconf 92' lang='lat' dir='ltr'>et</span> <span class='ocrx_word' id='word_1_215' title='bbox 775 1688 862 1715; x_wconf 88' lang='lat' dir='ltr'>non</span> <span class='ocrx_word' id='word_1_216' title='bbox 893 1673 1080 1715; x_wconf 86' lang='lat' dir='ltr'>sollicita</span> <span class='ocrx_word' id='word_1_217' title='bbox 1110 1687 1211 1715; x_wconf 84' lang='lat' dir='ltr'>suae</span> <span class='ocrx_word' id='word_1_218' title='bbox 1242 1674 1304 1715; x_wconf 92' lang='lat' dir='ltr'>rei</span> <span class='ocrx_word' id='word_1_219' title='bbox 1335 1674 1537 1728; x_wconf 86' lang='lat' dir='ltr'>cuiusque</span> 
     </span>
     <span class='ocr_line' id='line_1_31' title="bbox 199 1731 1536 1787; baseline -0.001 -11"><span class='ocrx_word' id='word_1_220' title='bbox 199 1733 403 1776; x_wconf 87' lang='lat' dir='ltr'>custodia.</span> <span class='ocrx_word' id='word_1_221' title='bbox 447 1732 590 1787; x_wconf 86' lang='lat' dir='ltr'>Atque</span> <span class='ocrx_word' id='word_1_222' title='bbox 616 1733 660 1773; x_wconf 84' lang='lat' dir='ltr'>in</span> <span class='ocrx_word' id='word_1_223' title='bbox 685 1732 765 1774; x_wconf 88' lang='lat' dir='ltr'>hac</span> <span class='ocrx_word' id='word_1_224' title='bbox 795 1731 980 1786; x_wconf 87' lang='lat' dir='ltr'>pernicie</span> <span class='ocrx_word' id='word_1_225' title='bbox 1012 1731 1073 1772; x_wconf 84' lang='lat' dir='ltr'>rei</span> <span class='ocrx_word' id='word_1_226' title='bbox 1103 1732 1300 1787; x_wconf 86' lang='lat' dir='ltr'>publicae</span> <span class='ocrx_word' id='word_1_227' title='bbox 1331 1747 1383 1774; x_wconf 89' lang='lat' dir='ltr'>ne</span> <span class='ocrx_word' id='word_1_228' title='bbox 1414 1733 1536 1774; x_wconf 85' lang='lat' dir='ltr'>illam</span> 
     </span>
     <span class='ocr_line' id='line_1_32' title="bbox 199 1791 1534 1847; baseline -0.001 -13"><span class='ocrx_word' id='word_1_229' title='bbox 199 1792 369 1847; x_wconf 89' lang='lat' dir='ltr'>quidem</span> <span class='ocrx_word' id='word_1_230' title='bbox 413 1793 748 1846; x_wconf 86' lang='lat' dir='ltr'>consequuntur,</span> <span class='ocrx_word' id='word_1_231' title='bbox 793 1806 921 1845; x_wconf 87' lang='lat' dir='ltr'>quam</span> <span class='ocrx_word' id='word_1_232' title='bbox 963 1794 1135 1845; x_wconf 84' lang='lat' dir='ltr'>putant,</span> <span class='ocrx_word' id='word_1_233' title='bbox 1182 1791 1386 1847; x_wconf 80' lang='lat' dir='ltr'>gratiam3</span> <span class='ocrx_word' id='word_1_234' title='bbox 1434 1806 1534 1833; x_wconf 86' lang='lat' dir='ltr'>nam</span> 
     </span>
     <span class='ocr_line' id='line_1_33' title="bbox 199 1849 1588 1905; baseline 0 -13"><span class='ocrx_word' id='word_1_235' title='bbox 199 1851 265 1893; x_wconf 90' lang='lat' dir='ltr'>cui</span> <span class='ocrx_word' id='word_1_236' title='bbox 296 1865 363 1892; x_wconf 90' lang='lat' dir='ltr'>res</span> <span class='ocrx_word' id='word_1_237' title='bbox 397 1853 545 1905; x_wconf 88' lang='lat' dir='ltr'>erepta</span> <span class='ocrx_word' id='word_1_238' title='bbox 576 1853 658 1903; x_wconf 91' lang='lat' dir='ltr'>est,</span> <span class='ocrx_word' id='word_1_239' title='bbox 697 1852 762 1891; x_wconf 91' lang='lat' dir='ltr'>est</span> <span class='ocrx_word' id='word_1_240' title='bbox 792 1849 1009 1903; x_wconf 77' lang='lat' dir='ltr'>inimicus,</span> <span class='ocrx_word' id='word_1_241' title='bbox 1047 1849 1113 1891; x_wconf 91' lang='lat' dir='ltr'>cui</span> <span class='ocrx_word' id='word_1_242' title='bbox 1145 1849 1246 1891; x_wconf 90' lang='lat' dir='ltr'>data</span> <span class='ocrx_word' id='word_1_243' title='bbox 1283 1852 1366 1904; x_wconf 85' lang='lat' dir='ltr'>est,</span> <span class='ocrx_word' id='word_1_244' title='bbox 1405 1850 1535 1892; x_wconf 87' lang='lat' dir='ltr'>etiam</span> <span class='ocrx_word' id='word_1_245' title='bbox 1554 1860 1588 1886; x_wconf 79' lang='lat'>30</span> 
     </span>
     <span class='ocr_line' id='line_1_34' title="bbox 200 1908 1620 1963; baseline 0 -13"><span class='ocrx_word' id='word_1_246' title='bbox 200 1910 444 1951; x_wconf 86' lang='lat' dir='ltr'>dissimulat</span> <span class='ocrx_word' id='word_1_247' title='bbox 476 1923 520 1950; x_wconf 90' lang='lat' dir='ltr'>se</span> <span class='ocrx_word' id='word_1_248' title='bbox 553 1909 743 1963; x_wconf 84' lang='lat' dir='ltr'>accipere</span> <span class='ocrx_word' id='word_1_249' title='bbox 774 1908 960 1950; x_wconf 86' lang='lat' dir='ltr'>voluisse</span> <span class='ocrx_word' id='word_1_250' title='bbox 993 1910 1036 1949; x_wconf 87' lang='lat' dir='ltr'>et</span> <span class='ocrx_word' id='word_1_251' title='bbox 1067 1908 1249 1949; x_wconf 78' lang='lat' dir='ltr'>maxime</span> <span class='ocrx_word' id='word_1_252' title='bbox 1275 1908 1319 1950; x_wconf 89' lang='lat' dir='ltr'>in</span> <span class='ocrx_word' id='word_1_253' title='bbox 1345 1909 1535 1963; x_wconf 87' lang='lat' dir='ltr'>pecuniis</span> <span class='ocrx_word' id='word_1_254' title='bbox 1618 1910 1620 1922; x_wconf 82' lang='lat'><strong>¹</strong></span> 
     </span>
     <span class='ocr_line' id='line_1_35' title="bbox 199 1966 1536 2023; baseline -0.001 -13"><span class='ocrx_word' id='word_1_255' title='bbox 199 1968 370 2010; x_wconf 87' lang='lat' dir='ltr'>creditis</span> <span class='ocrx_word' id='word_1_256' title='bbox 392 1968 580 2010; x_wconf 89' lang='lat' dir='ltr'>occultat</span> <span class='ocrx_word' id='word_1_257' title='bbox 606 1982 729 2009; x_wconf 88' lang='lat' dir='ltr'>suum</span> <span class='ocrx_word' id='word_1_258' title='bbox 755 1966 970 2023; x_wconf 83' lang='lat' dir='ltr'>gaudium,</span> <span class='ocrx_word' id='word_1_259' title='bbox 995 1981 1048 2007; x_wconf 88' lang='lat' dir='ltr'>ne</span> <span class='ocrx_word' id='word_1_260' title='bbox 1073 1967 1269 2008; x_wconf 86' lang='lat' dir='ltr'>videatur</span> <span class='ocrx_word' id='word_1_261' title='bbox 1293 1981 1379 2008; x_wconf 88' lang='lat' dir='ltr'>non</span> <span class='ocrx_word' id='word_1_262' title='bbox 1403 1968 1536 2009; x_wconf 85' lang='lat' dir='ltr'>fuisse</span> 
     </span>
     <span class='ocr_line' id='line_1_36' title="bbox 200 2025 1536 2080; baseline -0.001 -11"><span class='ocrx_word' id='word_1_263' title='bbox 200 2027 423 2080; x_wconf 80' lang='lat' dir='ltr'>solvendo3</span> <span class='ocrx_word' id='word_1_264' title='bbox 455 2029 500 2067; x_wconf 89' lang='lat' dir='ltr'>at</span> <span class='ocrx_word' id='word_1_265' title='bbox 531 2041 631 2069; x_wconf 89' lang='lat' dir='ltr'>vero</span> <span class='ocrx_word' id='word_1_266' title='bbox 664 2026 750 2079; x_wconf 89' lang='lat' dir='ltr'>ille,</span> <span class='ocrx_word' id='word_1_267' title='bbox 783 2025 855 2080; x_wconf 90' lang='lat' dir='ltr'>qui</span> <span class='ocrx_word' id='word_1_268' title='bbox 887 2025 1050 2080; x_wconf 86' lang='lat' dir='ltr'>accepit</span> <span class='ocrx_word' id='word_1_269' title='bbox 1080 2025 1291 2079; x_wconf 86' lang='lat' dir='ltr'>iniuriam,</span> <span class='ocrx_word' id='word_1_270' title='bbox 1324 2029 1366 2067; x_wconf 90' lang='lat' dir='ltr'>et</span> <span class='ocrx_word' id='word_1_271' title='bbox 1391 2026 1536 2068; x_wconf 91' lang='lat' dir='ltr'>memi-</span> 
     </span>
     <span class='ocr_line' id='line_1_37' title="bbox 198 2084 1536 2140; baseline -0.001 -13"><span class='ocrx_word' id='word_1_272' title='bbox 198 2085 263 2127; x_wconf 83' lang='lat' dir='ltr'>nit</span> <span class='ocrx_word' id='word_1_273' title='bbox 295 2088 337 2127; x_wconf 91' lang='lat' dir='ltr'>et</span> <span class='ocrx_word' id='word_1_274' title='bbox 368 2100 470 2140; x_wconf 85' lang='lat' dir='ltr'>prae</span> <span class='ocrx_word' id='word_1_275' title='bbox 503 2100 546 2127; x_wconf 88' lang='lat' dir='ltr'>se</span> <span class='ocrx_word' id='word_1_276' title='bbox 577 2085 662 2126; x_wconf 85' lang='lat' dir='ltr'>fert</span> <span class='ocrx_word' id='word_1_277' title='bbox 693 2084 883 2126; x_wconf 89' lang='lat' dir='ltr'>dolorem</span> <span class='ocrx_word' id='word_1_278' title='bbox 915 2098 1050 2138; x_wconf 87' lang='lat' dir='ltr'>suum,</span> <span class='ocrx_word' id='word_1_279' title='bbox 1081 2098 1168 2139; x_wconf 89' lang='lat' dir='ltr'>nec,</span> <span class='ocrx_word' id='word_1_280' title='bbox 1201 2084 1236 2125; x_wconf 90' lang='lat' dir='ltr'>si</span> <span class='ocrx_word' id='word_1_281' title='bbox 1265 2085 1409 2138; x_wconf 89' lang='lat' dir='ltr'>plures</span> <span class='ocrx_word' id='word_1_282' title='bbox 1436 2087 1536 2126; x_wconf 89' lang='lat' dir='ltr'>sunt</span> 
     </span>
     <span class='ocr_line' id='line_1_38' title="bbox 197 2137 1621 2199; baseline -0.001 -13"><span class='ocrx_word' id='word_1_283' title='bbox 197 2144 241 2199; x_wconf 88' lang='lat' dir='ltr'>ii,</span> <span class='ocrx_word' id='word_1_284' title='bbox 274 2144 426 2198; x_wconf 87' lang='lat' dir='ltr'>quibus</span> <span class='ocrx_word' id='word_1_285' title='bbox 452 2144 631 2198; x_wconf 86' lang='lat' dir='ltr'>inprobe</span> <span class='ocrx_word' id='word_1_286' title='bbox 659 2144 805 2185; x_wconf 84' lang='lat' dir='ltr'>datum</span> <span class='ocrx_word' id='word_1_287' title='bbox 833 2145 908 2197; x_wconf 93' lang='lat' dir='ltr'>est,</span> <span class='ocrx_word' id='word_1_288' title='bbox 936 2157 1064 2197; x_wconf 90' lang='lat' dir='ltr'>quam</span> <span class='ocrx_word' id='word_1_289' title='bbox 1089 2142 1166 2195; x_wconf 87' lang='lat' dir='ltr'>illi,</span> <span class='ocrx_word' id='word_1_290' title='bbox 1198 2143 1351 2197; x_wconf 89' lang='lat' dir='ltr'>quibus</span> <span class='ocrx_word' id='word_1_291' title='bbox 1376 2143 1535 2185; x_wconf 86' lang='lat' dir='ltr'>iniuste</span> <span class='ocrx_word' id='word_1_292' title='bbox 1555 2153 1586 2180; x_wconf 84' lang='lat'>35</span> <span class='ocrx_word' id='word_1_293' title='bbox 1614 2137 1621 2154; x_wconf 89' lang='lat'><strong>¹</strong></span> 
     </span>
     <span class='ocr_line' id='line_1_39' title="bbox 199 2201 1614 2258; baseline -0.001 -14"><span class='ocrx_word' id='word_1_294' title='bbox 199 2202 446 2258; x_wconf 84' lang='lat' dir='ltr'>ademptum</span> <span class='ocrx_word' id='word_1_295' title='bbox 479 2205 561 2257; x_wconf 88' lang='lat' dir='ltr'>est,</span> <span class='ocrx_word' id='word_1_296' title='bbox 598 2203 754 2244; x_wconf 87' lang='lat' dir='ltr'>idcirco</span> <span class='ocrx_word' id='word_1_297' title='bbox 792 2202 888 2257; x_wconf 89' lang='lat' dir='ltr'>plus</span> <span class='ocrx_word' id='word_1_298' title='bbox 927 2201 1056 2243; x_wconf 87' lang='lat' dir='ltr'>etiam</span> <span class='ocrx_word' id='word_1_299' title='bbox 1095 2201 1260 2255; x_wconf 70' lang='lat' dir='ltr'>valent,</span> <span class='ocrx_word' id='word_1_300' title='bbox 1299 2216 1385 2244; x_wconf 88' lang='lat' dir='ltr'>non</span> <span class='ocrx_word' id='word_1_301' title='bbox 1423 2202 1536 2243; x_wconf 89' lang='lat' dir='ltr'>enim</span> <span class='ocrx_word' id='word_1_302' title='bbox 1612 2203 1614 2214; x_wconf 69' lang='lat'><strong>¹</strong></span> 
     </span>
     <span class='ocr_line' id='line_1_40' title="bbox 198 2259 1536 2314; baseline -0.001 -11"><span class='ocrx_word' id='word_1_303' title='bbox 198 2276 374 2303; x_wconf 84' lang='lat' dir='ltr'>numero</span> <span class='ocrx_word' id='word_1_304' title='bbox 413 2261 518 2303; x_wconf 88' lang='lat' dir='ltr'>haec</span> <span class='ocrx_word' id='word_1_305' title='bbox 555 2261 813 2314; x_wconf 86' lang='lat' dir='ltr'>iudicantur,</span> <span class='ocrx_word' id='word_1_306' title='bbox 854 2260 926 2301; x_wconf 86' lang='lat' dir='ltr'>sed</span> <span class='ocrx_word' id='word_1_307' title='bbox 965 2260 1161 2314; x_wconf 89' lang='lat' dir='ltr'>pondere.</span> <span class='ocrx_word' id='word_1_308' title='bbox 1223 2259 1359 2308; x_wconf 84' lang='lat' dir='ltr'>Quam</span> <span class='ocrx_word' id='word_1_309' title='bbox 1392 2263 1536 2302; x_wconf 87' lang='lat' dir='ltr'>autem</span> 
     </span>
    </p>
   </div>
   <div class='ocr_carea' id='block_1_5' title="bbox 1598 0 1663 2490">
    <p class='ocr_par' dir='ltr' id='par_1_5' title="bbox 1598 0 1663 2490">
     <span class='ocr_line' id='line_1_41' title="bbox 1598 0 1663 2490; baseline 0 0"><span class='ocrx_word' id='word_1_310' title='bbox 1598 0 1663 2490; x_wconf 95' lang='lat' dir='ltr'> </span> 
     </span>
    </p>
   </div>
  </div>
 </body>
</html>
