1673 2505
368 60 715 96 EPISTULARUM.
741 61 782 96 E.
809 60 841 95 V
870 65 910 96 12
922 61 1017 96 —VI
1044 66 1075 97 2.
1302 63 1385 104 297

51 184 136 212 rem
161 170 225 211 lib.
251 169 326 211 II:
359 183 484 222 quem
509 169 671 224 perisse
703 169 764 210 ita
796 168 846 210 de
877 183 922 210 re
954 169 1127 224 publica
1153 174 1387 212 merentem

53 228 269 271 consulem
302 228 436 269 doleo.

139 287 207 328 23.
240 286 346 327 Non.
375 300 415 338 p.
441 289 535 327 389.
560 288 620 327 27
650 286 712 328 M.
741 287 902 328 Tullius
932 287 988 327 ad
1012 285 1224 329 Caesarem
1256 288 1388 328 iunio-

50 359 134 387 rem
171 345 236 386 lib.
273 344 349 385 II:
394 344 601 399 scriptum
639 347 731 386 erat
769 347 964 399 equestre
1010 345 1221 400 proelium
1265 346 1389 387 valde

17 416 33 442 5
52 403 299 457 secundum,
331 402 376 444 in
406 402 474 444 his
506 406 649 444 autem
682 403 826 457 potius
859 403 1096 445 adversum.

138 462 205 504 24.
232 462 339 504 Non.
358 475 401 515 p.
422 465 518 503 462.
538 466 592 503 10
612 460 868 515 ‘Locupletz's'
891 476 974 504 non
999 476 1244 516 magnaram
1269 477 1390 516 opum

51 524 209 564 tantum
238 521 371 573 modo,
411 521 480 562 secl
514 523 552 561 et
585 521 642 562 acl
669 521 887 573 quamlibet
916 534 1000 563 rem
1029 522 1169 574 firmos
1200 524 1238 563 et
1266 526 1390 563 certos

49 580 111 622 M
152 579 312 621 Tullius
348 579 428 621 diez·
462 579 590 620 voluit
625 580 681 620 ad
719 578 931 621 Caesarem
973 581 1173 622 iuniorem
1210 580 1275 622 lib.
1313 581 1389 622 II:

49 638 156 681 nihil
196 638 370 680 omnino
409 637 514 679 certi
551 651 628 679 nec
666 638 923 692 locupletem
962 638 1015 680 ad
1052 639 1133 681 hoc
1171 641 1390 681 auctorem

0 707 31 734 ιο
50 697 327 739 habebamus.

0 752 1 788 l
137 755 206 798 25.
238 755 344 797 Non.
375 770 420 809 p.
454 757 546 797 539.
578 759 606 797 3
635 755 698 797 M.
732 756 894 797 Tullius
931 757 987 798 ad
1017 756 1230 799 Caesarem
1261 759 1392 800 iunio·

48 829 133 857 rem
164 815 229 857 lib.
262 814 339 855 II:
378 814 594 856 Antonius
635 814 807 855 demens
846 816 945 856 ante
977 815 1116 857 lucem
1147 816 1392 871 paludatus.

377 918 442 953 AD
469 917 675 953 EUNDEM
700 917 846 953 EPIST.
873 917 962 954 LIB.
989 919 1052 953 III.

137 992 205 1034 26.
238 991 345 1033 Non.
369 1005 413 1044 p.
438 993 536 1032 329.
560 993 618 1033 26
648 990 711 1032 M.
739 990 901 1032 Tullius
931 992 988 1033 ad
1017 991 1231 1034 Caesarem
1262 994 1393 1034 iunio-

15 1059 132 1093 ⁵rem
170 1051 235 1092 lib.
272 1050 376 1091 HI:
419 1049 571 1103 Itaque
614 1049 659 1090 in
696 1063 790 1090 eam
827 1048 969 1091 Pansa
1011 1050 1286 1092 vehementer
1327 1054 1392 1093 est

48 1110 252 1151 invectus.

137 1169 205 1210 27.
237 1168 344 1209 Non.
369 1181 412 1220 p.
439 1169 536 1209 426.
561 1169 617 1209 12
647 1166 710 1208 M.
744 1167 906 1208 Tullius
937 1168 993 1208 ad
1017 1166 1229 1210 Caesarem
1259 1169 1392 1211 iunio-

49 1241 133 1269 rem
165 1227 229 1268 lib.
256 1226 359 1267 III:
391 1225 488 1281 Ego
516 1227 659 1267 autem
687 1225 890 1280 antiquus
923 1240 1029 1279 sum,
1062 1227 1265 1268 oriundus
1293 1226 1393 1282 Scy-

49 1286 149 1340 this,
182 1285 336 1340 quibus
370 1284 587 1339 antiquior
619 1284 787 1325 laetitia
820 1287 885 1325 est
918 1299 1046 1339 quam
1078 1285 1256 1327 lucrum.

13 1395 31 1421 o
314 1388 378 1423 AD
405 1387 610 1423 EUNDEM
636 1388 700 1423 EX
727 1387 870 1423 LIBRO
898 1387 1119 1425 INCERTO.

138 1462 205 1504 28.
238 1462 345 1503 Non.
370 1475 413 1515 p.
439 1463 531 1504 356.
556 1463 618 1503 22
648 1461 710 1503 M.
745 1461 907 1503 Tullius
937 1462 994 1503 ad
1017 1461 1231 1505 Caesarem
1262 1464 1386 1505 iunio-

49 1535 155 1563 rem:
186 1520 375 1562 Posthac
408 1520 521 1575 quod
552 1520 670 1562 voles
704 1535 728 1561 a
760 1535 827 1561 me
858 1520 963 1574 fieri,
996 1520 1191 1575 scribito3
1223 1522 1391 1565 vincam

51 1579 294 1636 opinionem
327 1582 458 1621 tuam.

139 1639 207 1680 29.
240 1639 348 1681 Non.
372 1653 415 1692 p.
441 1641 537 1680 362.
563 1641 621 1680 24
652 1639 715 1680 M
744 1639 904 1680 Tullius
934 1640 991 1681 ad
1014 1638 1227 1682 Caesarem
1260 1642 1392 1683 iunio-

17 1706 153 1739 ⁵rem:
183 1697 398 1753 promissa
429 1700 505 1739 tua
538 1697 743 1739 memoria
775 1700 933 1739 teneas.

269 1900 336 1940 VI.
381 1901 452 1938 AD
488 1900 527 1939 C.
559 1901 779 1940 PANSAM
812 1901 975 1939 EPIST.
1009 1902 1108 1939 LIB.
1140 1902 1170 1939 Ι.

141 1993 176 2033 1.
213 1992 322 2034 Non.
352 2006 395 2045 p.
426 1995 519 2034 509.
551 1996 608 2034 17
640 1993 702 2034 M
737 1992 899 2034 Tullius
936 1993 992 2034 ad
1021 1992 1205 2035 Pansam
1243 1993 1308 2035 lib.
1341 1993 1373 2034 I
1377 2007 1391 2033 .·

49 2049 113 2091 De
134 2050 348 2093 Antiocho
374 2050 516 2092 fecisti
538 2051 796 2105 humaniter,
823 2066 949 2105 quem
976 2051 1147 2106 quidem
1174 2065 1392 2108 ego-sem-

49 2123 125 2163 per
157 2109 285 2151 dilexi
316 2124 467 2164 meque
500 2110 553 2152 ab
587 2125 636 2152 eo
670 2110 791 2166 diligi
823 2110 948 2151 sensi.
981 2135 1034 2139 -
1067 2110 1272 2153 Priscian.
1304 2111 1396 2152 XV

49 2171 86 2210 3.
117 2172 170 2210 13
193 2183 237 2222 p.
271 2172 337 2210 70.
368 2173 422 2211 13
447 2168 582 2211 Cicero
619 2194 666 2199 —
702 2170 758 2211 ad
787 2169 971 2211 Pansam
996 2169 1044 2210 I:
1076 2169 1140 2211 De
1172 2169 1390 2211 Antiocho

48 2225 190 2268 fecisti
221 2227 476 2269 humaniter.

138 2286 174 2327 2.
208 2287 315 2328 Non.
344 2301 388 2339 p.
420 2289 515 2329 126.
546 2291 601 2330 18
637 2287 700 2329 M.
735 2287 897 2330 Tullius
932 2288 989 2329 ad
1017 2287 1204 2330 Pansam
1244 2288 1309 2329 lib.
1340 2287 1389 2329 I.-
