1663 2490
401 66 487 102 LIB.
515 66 542 100 1.
593 65 693 100 CAP.
721 71 776 109 32,
803 71 858 101 33.
909 70 928 108 g
958 70 1150 102 115-120.
1388 67 1442 108 41

105 174 271 229 ingredi
309 174 461 216 melius
502 176 633 227 esset,
676 174 757 216 hoc
795 173 971 215 Herculi
1009 173 1139 215 ‘Iovis
1178 176 1275 215 satu
1314 173 1446 215 edito’

104 233 247 289 potuit
278 232 461 274 fortasse
493 233 754 288 contingere,
785 232 910 274 nobis
941 247 1027 274 non
1059 232 1175 286 item,
1208 232 1279 287 qui
1306 232 1446 273 imita-

105 306 217 345 mur,
255 306 361 346 quos
393 291 542 345 cuique
575 291 712 333 visum
745 294 828 345 est,
866 294 994 346 atque
1033 291 1085 332 ad
1124 305 1270 333 eorum
1303 291 1447 332 studia

105 350 389 404 institutaque
421 350 701 404 impellimur,
740 350 989 405 plerumque
1022 352 1164 391 autem
1202 349 1442 404 parentium

69 410 345 464 spraeceptis
377 408 517 450 inbuti
549 409 601 450 ad
635 423 781 450 eorum
816 408 1166 451 consuetudinem
1200 423 1446 463 moremque

105 467 367 520 deducimur3
401 467 475 509 alii
509 467 797 508 multitudinis
826 468 982 509 iudicio
1015 467 1221 521 feruntur,
1254 481 1446 522 quaeque

105 526 257 568 maiori
278 526 392 580 parti
413 526 702 581 pulcherrima
719 526 927 580 videntur,
947 541 996 568 ea
1016 526 1200 567 maxime
1222 528 1448 582 exoptantg

104 600 191 627 non
220 585 329 627 nulli
367 588 512 626 tamen
544 584 633 626 sive
670 584 876 627 felicitate
914 585 1098 639 quadam
1130 585 1219 626 sive
1251 585 1446 626 bonitate

104 647 283 686 naturae
315 644 406 685 sine
439 643 683 699 parentium
718 644 944 700 disciplina
975 648 1137 686 rectam
1166 643 1280 685 vitae
1312 644 1447 685 secuti

54 715 87 740 ιο
107 705 209 745 sunt
240 703 366 744 viam

191 760 306 803 Illud
338 764 482 803 autem
508 761 692 804 maxime
722 777 867 803 rarum
900 776 1034 818 genus
1067 765 1134 804 est
1165 776 1324 816 eorum,
1356 762 1427 816 qui

105 823 180 862 aut
205 821 430 863 excellenti
455 821 615 876 ingenii
640 821 935 876 magnitudine
963 824 1039 862 aut
1064 821 1284 875 praeclara
1312 821 1446 862 erudi-

105 879 221 921 tione
259 882 387 934 atque
426 879 621 921 doctrina
659 883 734 921 aut
771 883 952 934 utraque
990 894 1035 921 re
1074 880 1216 921 ornati
1257 880 1470 934 spatium,

105 939 235 980 etiam
269 938 532 980 deliberandi
564 939 825 992 habuerunt,
864 952 990 993 quem
1028 938 1301 993 potissimum
1333 939 1448 980 vitae

54 1009 86 1035 15
105 1012 275 1039 cursum
315 997 434 1052 sequi
473 997 654 1051 vellent;
690 997 732 1038 in
772 1012 856 1051 qua
893 997 1202 1039 deliberatione
1240 997 1293 1038 ad
1325 1011 1447 1038 suam

105 1056 307 1111 cuiusque
350 1060 551 1098 naturam
595 1056 820 1098 consilium
866 1058 932 1097 est
975 1070 1099 1097 omne
1150 1056 1447 1098 revocandum.

104 1114 218 1157 Nam
243 1130 339 1157 cum
364 1115 410 1156 in
435 1115 647 1169 omnibus,
679 1129 787 1169 quae
813 1117 1012 1170 aguntur,
1044 1130 1094 1156 ex
1121 1129 1183 1169 eo,
1209 1129 1292 1169 quo
1320 1114 1447 1156 modo

105 1175 284 1229 quisque
315 1177 442 1215 natus
475 1176 558 1228 est,
594 1176 644 1216 ut
675 1188 806 1229 supra
837 1174 997 1216 dictum
1031 1177 1113 1227 est,
1155 1174 1255 1228 quid
1288 1173 1448 1227 deceat,

105 1233 386 1288 exquirimus,
423 1237 515 1274 tum
553 1233 598 1274 in
629 1235 724 1274 tota
755 1233 846 1274 vita
880 1232 1180 1274 constituenda
1212 1233 1349 1274 multo
1383 1236 1448 1274 est

52 1304 86 1330 2⁰
106 1292 143 1333 ei
176 1292 236 1333 rei
268 1306 369 1333 cura
401 1292 537 1333 maior
569 1291 821 1345 adhibenda,
852 1294 901 1332 ut
933 1295 1130 1333 constare
1161 1292 1206 1332 in
1235 1292 1448 1346 perpetui-

105 1353 195 1392 tate
227 1351 341 1392 vitae
374 1351 588 1405 possimus
618 1351 836 1392 nobismet
867 1350 973 1405 ipsis
1004 1365 1081 1393 nec
1113 1351 1156 1391 in
1188 1351 1278 1392 ullo
1306 1350 1446 1392 officio

106 1410 355 1452 claudicare.
405 1410 473 1451 Ad
505 1410 614 1451 hanc
647 1412 792 1451 autem
819 1410 1032 1451 rationem
1064 1410 1267 1464 quoniam
1300 1410 1521 1452 maxi-120

106 1483 221 1511 mam
252 1469 340 1510 vim
371 1471 527 1510 natura
558 1469 702 1523 habet,
732 1468 909 1510 fortuna
940 1469 1193 1523 proximam,
1224 1468 1448 1523 utriusque

106 1528 280 1570 omnino
318 1527 516 1570 habenda
553 1527 665 1569 ratio
701 1530 767 1569 est
797 1527 842 1569 in
874 1527 1100 1583 deligendo
1134 1541 1289 1583 genere
1321 1527 1448 1581 vitae,

53 1598 87 1625 25
107 1587 179 1628 sed
211 1590 390 1628 naturae
423 1587 581 1642 magis;
614 1587 750 1628 multo
783 1586 895 1628 enim
929 1590 971 1628 et
1004 1586 1167 1628 firmior
1193 1589 1259 1628 est
1285 1589 1328 1628 et
1352 1601 1448 1628 con-

107 1646 304 1699 stantior,
329 1648 377 1687 ut
401 1645 576 1687 fortuna
600 1660 687 1687 non
713 1660 946 1700 numquam
973 1647 1194 1700 tamquam
1220 1645 1316 1700 ipsa
1339 1660 1448 1687 mor·

105 1705 207 1746 talis
251 1719 347 1746 cum
390 1704 611 1746 inmortali
662 1707 818 1746 natura
861 1718 1054 1759 pugnare
1098 1704 1305 1746 videatur.
1367 1704 1449 1752 Qui

105 1764 240 1819 igitur
277 1763 331 1805 ad
367 1767 548 1805 naturae
586 1778 687 1804 suae
721 1777 808 1805 non
839 1763 1020 1805 vitiosae
1054 1777 1188 1818 genus
1220 1763 1448 1805 eonsilium

106 1822 276 1864 vivendi
321 1836 446 1864 omne
490 1822 738 1875 contulerit,
781 1822 818 1863 is
864 1824 1153 1864 constantiam
1196 1824 1343 1863 teneat
1386 1821 1448 1876 (id

55 1893 88 1919 so
109 1882 222 1922 enim
256 1881 439 1923 maxime
472 1880 624 1936 decet),
660 1881 745 1922 nisi
776 1880 888 1922 forte
920 1895 965 1922 se
994 1881 1255 1922 intellexerit
1282 1895 1448 1922 errasse

107 1940 151 1982 in
182 1939 407 1996 deligendo
447 1954 601 1996 genere
638 1940 764 1981 vitae.
826 1939 948 1988 Quod
980 1940 1017 1980 si
1049 1939 1251 1981 acciderit
1284 1940 1450 1995 (potest

1461 742 1518 784 33

1452 794 1519 824 119

108 2002 251 2041 autem
272 1999 491 2054 accidere),
510 1999 704 2040 facienda
725 2013 893 2040 morum
913 1998 1297 2053 institutorumque
1312 2002 1449 2040 muta-

108 2058 168 2100 tio
194 2061 270 2100 est.
314 2057 423 2100 Eam
450 2058 733 2100 mutationem
761 2058 798 2099 si
822 2060 1034 2123 tempora·
1046 2057 1322 2111 adiuvabunt,
1348 2057 1449 2099 faci-

107 2117 190 2158 lius
226 2117 575 2172 commodiusque
613 2116 837 2170 faciemus,
875 2117 942 2158 sin
979 2116 1138 2170 minus,
1176 2116 1335 2158 sensim
1368 2117 1450 2158 erit

0 2197 7 2225 5
57 2186 89 2214 35
108 2176 498 2231 pedetemptimque
535 2176 747 2229 facienda,
790 2179 838 2217 ut
882 2175 1109 2228 amicitias,
1155 2189 1263 2230 quae
1307 2175 1450 2216 minus

110 2234 321 2276 delectent
358 2238 402 2276 et
439 2235 579 2276 minus
618 2235 870 2289 probentur,
912 2235 1051 2290 magis
1090 2234 1236 2276 decere
1275 2237 1450 2276 censent

109 2292 323 2348 sapientes
372 2293 530 2336 sensim
580 2293 740 2335 diluere
790 2308 918 2348 quam
968 2296 1143 2348 repente
1191 2293 1448 2348 praecidere.
