1663 2490
194 68 295 114 ‘142
529 72 652 107 cA'ro
678 72 832 107 moa
858 71 922 105 DE
949 71 1231 106 SENECTUTE

210 180 385 222 memini
416 194 534 236 puer,
567 179 640 233 qui
671 193 767 221 cum
800 177 1078 232 quadriennio
1109 181 1209 233 post
1241 178 1424 220 alterum
1452 193 1548 221 con-

213 239 401 281 sulatum
414 237 616 305 pontifex
644 237 854 278 maximus
879 235 1017 278 factus
1043 239 1167 290 esset,
1192 237 1348 292 viginti
1374 239 1417 278 et
1443 237 1546 280 duos

213 312 347 339 annos
387 297 425 338 ei
463 296 700 338 sacerdotio
739 294 942 349 plaefuit,
985 294 1047 336 ita
1088 295 1213 336 bonis
1255 310 1347 337 esse
1385 296 1546 338 viribus

212 359 400 398 extremo
433 358 627 409 tempore
659 355 827 407 aetatis,
858 356 906 394 ut
938 352 1269 395 adulescentiam
1301 369 1387 396 non
1413 354 1548 409 requi-

212 417 335 456 reret.
408 413 531 455 Nihil
575 426 746 453 necesse
790 414 856 453 est
898 411 1004 453 mihi
1047 412 1098 453 de
1141 427 1208 454 me
1255 413 1348 467 ipso
1400 413 1549 468 dicere,
1585 424 1602 450 5

213 487 472 527 quamquam
518 473 584 512 est
627 470 669 512 id
713 470 884 525 quidem
927 470 1060 511 senile
1110 471 1327 525 aetatique
1375 475 1550 513 nostrae

212 531 467 573 conceditur.
528 528 771 584 Videtisne,
810 531 859 570 ut
891 528 1002 584 apud
1034 528 1269 571 Homerum
1301 530 1550 585 saepissime

213 589 372 631 Nestor
415 589 466 629 de
509 588 743 630 virtutibus
787 587 874 628 suis
918 587 1161 641 praedicet?
1231 587 1421 630 Tertiam
1464 589 1550 631 iam

212 648 324 690 enim
362 649 549 689 aetatem
586 646 810 688 hominum
848 645 1038 700 videbat,
1081 660 1158 688 nec
1202 649 1295 688 erat
1332 648 1370 688 ei
1407 662 1550 689 veren-

212 707 330 759 dum,
369 720 422 747 ne
460 720 562 747 vera
597 705 848 760 praedicans
888 704 937 745 de
975 719 1019 745 se
1056 704 1183 745 nimis
1221 705 1437 747 videretur
1476 709 1551 748 aut
1571 718 1603 744 10
1659 717 1663 739 ¹

212 765 400 806 insolens
422 767 496 806 aut
516 764 686 818 loquax.
729 763 914 817 Etenim,
933 765 982 804 ut
1008 763 1068 804 ait
1087 762 1313 818 Homerus,
1341 763 1418 806 ‘ex
1444 765 1551 807 eius

213 824 391 879 lingua
428 823 582 864 melle
621 822 821 863 dulcior
857 821 1059 863 fluebat
1097 821 1298 876 oratio',
1339 837 1467 877 quam
1499 823 1551 866 ad

213 882 473 924 suavitatem
504 881 636 922 nullis
669 881 825 936 egebat
856 881 1045 935 corporis
1077 880 1252 922 viribus.
1312 880 1371 922 Et
1408 884 1552 924 tamen

214 941 296 982 dux
334 941 407 982 ille
446 939 651 981 Graeciae
687 954 901 993 nusquam
938 942 1078 994 optat,
1121 942 1169 981 ut
1206 939 1350 982 Aiacis
1389 940 1551 982 similes

213 1000 372 1041 habeat
405 999 560 1052 decem,
593 998 666 1039 sed
697 1000 746 1039 ut
771 997 987 1051 Nestoris3
1019 997 1130 1052 quod
1157 998 1193 1039 si
1226 998 1307 1040 sibi
1339 999 1551 1053 acciderit,
1572 1011 1604 1037 15
1654 1011 1663 1033 12

143 1071 186 1101 32
214 1073 300 1100 non
331 1058 513 1111 dubitat,
545 1058 647 1112 quin
679 1056 800 1098 brevi
832 1057 889 1097 sit
915 1056 1043 1098 Troia
1067 1057 1270 1111 peritura.
1320 1056 1400 1099 Sed
1426 1058 1551 1099 redeo

215 1117 267 1159 ad
299 1131 378 1158 me.
428 1115 636 1164 Quartum
670 1129 751 1170 ago
784 1130 943 1157 annum
970 1118 1012 1156 et
1038 1116 1365 1171 octogesimum3
1396 1117 1552 1158 vellem

214 1175 409 1230 equidem
435 1175 546 1216 idem
574 1189 745 1229 possem
773 1173 963 1230 gloriari,
989 1174 1101 1228 quod
1127 1173 1275 1229 Cyrus,
1308 1174 1381 1216 sed
1406 1177 1552 1217 tamen

214 1235 294 1276 hoe
326 1248 434 1288 queo
467 1233 617 1287 dicere,
647 1247 734 1274 non
766 1247 833 1274 me
866 1232 1035 1287 quidem
1060 1233 1113 1273 iis
1140 1247 1231 1282 essse
1257 1233 1432 1288 viribus,
1465 1234 1552 1288 qui-

214 1294 293 1334 bus
327 1295 401 1333 aut
432 1292 555 1333 miles
588 1292 703 1333 bello
729 1291 889 1333 Punico
919 1294 994 1332 aut
1025 1294 1227 1345 quaestor
1258 1292 1404 1333 eodem
1437 1292 1551 1334 bello
1572 1305 1605 1330 20
1648 1304 1660 1328 11

216 1354 290 1393 aut
321 1351 469 1393 consul
502 1351 547 1391 in
577 1349 790 1404 Hispania
823 1349 977 1390 fuen‘m
1015 1353 1089 1391 aut
1127 1350 1404 1404 quadriennio
1441 1355 1552 1406 post,

215 1425 310 1452 cum
348 1410 546 1451 tribunus
586 1408 787 1450 militaris
819 1408 1060 1463 depugnavi
1098 1409 1211 1463 apud
1242 1409 1552 1465 Thermopylas

213 1469 282 1511 Μ’
303 1467 538 1510 Glabrione
569 1467 756 1522 consule,
789 1466 862 1508 sed
894 1469 1050 1521 tamen,
1081 1470 1129 1508 ut
1160 1482 1235 1509 vos
1268 1468 1436 1522 videtis,
1467 1483 1553 1510 non

214 1528 340 1582 plane
373 1541 440 1568 me
473 1528 712 1580 enervavit,
749 1540 835 1567 non
868 1525 1032 1567 adflixit
1063 1529 1276 1580 senectus,
1312 1541 1397 1568 non
1435 1527 1553 1569 curia

215 1586 326 1628 vires
354 1599 469 1627 meas
497 1584 721 1639 desiderat,
746 1598 833 1626 11011
858 1587 1012 1639 rostra,
1036 1599 1123 1626 non
1149 1560 1286 1639 amici,
1315 1600 1401 1628 non
1427 1586 1552 1627 elien·
1572 1597 1605 1624 2⁶
1643 1598 1663 1622 1

213 1648 298 1700 tes,
335 1659 421 1686 non
452 1644 646 1698 hospites
719 1642 809 1685 Nec
840 1643 953 1684 enim
985 1658 1187 1698 umquam
1221 1658 1315 1685 sum
1347 1644 1551 1686 adsensus

214 1704 349 1745 veteri
374 1703 440 1744 illi
466 1702 726 1756 laudatoque
752 1701 1005 1757 proverbio,
1025 1702 1139 1756 quod
1164 1705 1308 1744 monet
1335 1702 1551 1745 mature

214 1763 334 1804 fieri
367 1776 554 1815 senem,
594 1761 636 1802 si
667 1760 750 1802 diu
782 1760 912 1802 velis
945 1774 1095 1802 senex
1127 1761 1261 1802 esse.’
1323 1760 1418 1817 Ego
1451 1776 1550 1804 vero

215 1836 282 1862 me
320 1821 460 1862 minus
499 1820 568 1861 diu
603 1834 745 1861 senem
778 1833 869 1860 esse
900 1819 1074 1861 mallem
1114 1835 1242 1874 quam
1273 1834 1364 1861 esse
1396 1835 1552 1875 senem,

216 1883 314 1921 ante
347 1894 475 1934 quam
508 1893 655 1920 essem.
716 1877 867 1932 Itaque
898 1892 1022 1920 nemo
1055 1878 1191 1920 adhuc
1229 1879 1453 1921 convenire
1484 1894 1552 1921 me
1571 1891 1605 1918 so
1641 1892 1651 1918 11

146 1950 189 1980 33
217 1938 366 1990 voluit,
399 1938 466 1979 cui
496 1937 650 1979 fuerim
682 1939 925 1992 occupatus,
974 1936 1035 1978 At
1066 1937 1206 1978 minus
1232 1937 1370 1979 habeo
1396 1938 1552 1980 virium

216 2012 343 2052 quam
376 1999 567 2038 vestrum
599 1995 771 2037 utervis.
827 1994 891 2037 Ne
923 2009 999 2037 vos
1029 1995 1198 2049 quidem
1225 1995 1271 2037 Τ.
1299 1995 1427 2038 Ponti
1459 2011 1551 2039 cen-

216 2056 399 2097 turionis
431 2055 543 2096 vires
575 2054 766 2108 habetis,
800 2068 903 2095 num
940 2053 1094 2095 idcirco
1133 2057 1199 2095 est
1229 2054 1303 2095 ille
1335 2058 1552 2109 praestan-

216 2114 330 2155 tior‘?
368 2113 606 2155 Moderatio
638 2112 765 2155 modo
791 2112 946 2155 virium
978 2113 1102 2167 adsit,
1135 2115 1178 2154 et
1208 2115 1391 2168 tantum,
1423 2129 1553 2168 quan-

217 2176 310 2214 tum
329 2175 474 2227 potest
494 2172 684 2226 quisque,
703 2171 885 2226 nitatur3
903 2186 955 2213 ne
975 2171 1045 2212 ille
1065 2186 1151 2213 11011
1171 2186 1329 2227 magno
1344 2172 1551 2214 desiderio
1573 2183 1605 2211 ss

217 2231 435 2273 tenebitur
453 2230 620 2272 virium.
665 2229 890 2285 Olympiae
908 2244 984 2285 per
1004 2230 1189 2272 stadium
1215 2231 1435 2286 ingressus
1461 2245 1553 2273 esse

217 2290 323 2332 Milo
357 2289 528 2340 dicitur,
560 2303 654 2331 cum
686 2289 874 2331 humeris
907 2289 1137 2330 sustineret
1168 2289 1332 2331 bovem.
1395 2289 1552 2332 Utrum
1612 2302 1613 2306 ’

146 512 198 553 10

142 564 183 595 31
