1663 2490
354 69 443 106 ΜΒ.
470 69 533 105 111.
585 68 684 104 CAP.
711 73 860 106 28—30.
911 74 930 113 ς
958 74 1152 107 103-109.
1328 70 1413 112 125

133 177 312 232 Neque
345 176 457 219 dedi
487 191 654 232 neque
686 177 745 219 do
777 176 988 219 infideli
1020 175 1254 231 cuiquam

74 237 229 280 idcirco
262 238 375 278 recte
408 251 433 278 a
468 239 615 291 poeta,
653 236 772 290 quia,
811 251 906 278 cum
942 238 1204 278 tractaretur
1241 236 1412 291 Atreus,

74 309 281 352 personae
323 294 592 336 serviendum
635 294 730 336 fuit.
791 293 872 336 Sed
911 295 947 336 si
990 294 1072 336 hoc
1112 294 1195 336 sibi
1232 299 1414 350 sument,

74 354 238 396 nullam
270 367 362 394 esse
392 352 538 407 fidem,
570 368 678 407 quae
709 353 871 395 infideli
902 353 1003 395 data
1033 353 1104 408 sit,
1133 353 1325 407 videant,
1361 368 1414 396 ne

40 425 56 451 5
76 416 306 468 quaeratur
326 412 494 454 latebra
513 412 712 466 periurio.
760 412 860 464 [Est
885 415 1028 454 autem
1054 412 1119 454 ius
1152 412 1283 454 etiam
1308 413 1396 454 bel·
1418 424 1480 454 107

74 472 204 514 licum
228 471 418 525 fidesque
443 470 549 512 iuris
574 470 743 512 iurandi
761 485 887 526 saepe
913 486 1008 513 cum
1027 471 1153 512 hoste
1173 471 1412 524 servanda]

75 529 197 579 Quod
228 529 341 571 enim
373 529 436 571 ita
466 529 655 571 iuratum
687 532 770 584 est,
807 532 856 571 ut
893 544 1012 571 mens
1048 529 1291 584 conciperet
1321 530 1413 571 fieri

75 591 287 643 oportere,
317 588 361 629 id
384 588 641 629 servandum
674 591 755 642 est,
789 588 902 642 quod
935 589 1072 643 aliter,
1102 588 1146 629 id
1178 589 1214 629 si
1245 603 1332 630 non
1356 589 1414 630 fe-

75 648 192 701 cerit,
210 647 377 688 nullum
397 650 464 688 est
488 647 734 702 periurium.
777 646 849 701 Ut,
870 647 906 688 si
925 647 1213 702 praedonibus
1238 650 1415 703 pactum

24 718 57 743 ιο
74 721 152 762 pro
186 706 325 761 capite
356 706 542 760 pretium
573 720 661 747 non
691 706 912 760 attuleris,
951 706 1074 748 nulla
1103 706 1222 747 fraus
1256 707 1331 761 sit,
1362 721 1414 748 ne

75 765 112 806 si
143 765 309 806 iuratus
343 764 514 818 quidem
545 764 589 805 id
618 779 706 806 non
735 764 906 819 feceris3
937 779 1039 806 nam
1070 764 1214 820 pirata
1237 779 1324 807 non
1349 768 1415 807 est

75 839 126 865 ex
157 823 440 878 perduellium
471 837 649 865 numero
676 823 888 877 definitus,
914 823 987 864 sed
1013 823 1249 865 communis
1275 824 1414 866 hostis

76 883 285 937 omm‘um3
328 897 423 924 cum
460 882 542 924 hoc
581 896 658 923 nec
689 882 794 923 fides
827 881 953 923 debet
982 896 1060 924 nec
1090 882 1156 923 ius
1188 883 1415 924 iurandum

76 956 169 983 esse
189 955 423 983 commune.
465 939 566 982 Non
586 940 699 981 enim
724 941 883 982 falsum
908 940 1049 982 iurare
1074 941 1294 995 periurare
1320 944 1397 995 est,
1419 953 1483 984 108

24 1011 56 1037 1⁵
76 1000 161 1053 sed,
187 999 301 1054 quod
325 1011 388 1041 Ex
413 1011 545 1041 ANIMI
569 1011 647 1041 TUI
673 1010 933 1041 SENTENTIA
954 999 1122 1053 iuraris,
1143 999 1253 1041 sicut
1272 1000 1414 1041 verbis

76 1059 315 1114 concipitur
346 1072 464 1100 more
493 1061 664 1112 nostro,
703 1057 747 1098 id
782 1072 871 1099 non
899 1057 1039 1099 facere
1070 1057 1305 1112 periurium
1338 1061 1415 1101 est.

76 1116 190 1160 Scite
221 1113 608 1172 enim‘Euripides:

133 1175 306 1218 Iuravi
337 1176 537 1231 lingua,
568 1176 788 1216 mentem
819 1174 1101 1216 iniuratam
1134 1189 1266 1231 gero.

74 1235 268 1290 Regulus
317 1249 418 1276 vero
466 1248 554 1276 non
603 1234 750 1275 debuit
790 1233 1059 1276 condiciones
1109 1234 1415 1289 pactionesque

24 1305 58 1331 ²0
75 1294 254 1336 bellicas
299 1296 342 1335 et
377 1293 559 1335 hostiles
596 1293 850 1347 perturbare
886 1292 1088 1347 periurio.
1149 1292 1257 1335 Cum
1299 1293 1415 1336 iusto

77 1353 190 1394 enim
222 1355 266 1394 et
295 1352 490 1407 legitimo
522 1351 647 1394 hoste
678 1366 745 1394 res
779 1351 1020 1406 gerebatur,
1053 1351 1256 1393 adversus
1289 1367 1416 1406 quem

77 1414 120 1453 et
150 1414 292 1454 totum
322 1411 388 1452 ius
428 1411 575 1453 fetiale
616 1413 658 1452 et
701 1411 839 1452 multa
882 1413 982 1452 sunt
1024 1410 1119 1452 iura
1162 1411 1416 1453 communia.

77 1469 200 1519 Quod
225 1471 269 1511 ni
293 1469 356 1511 ita
383 1473 507 1523 esset,
531 1484 765 1524 numquam
795 1470 934 1511 claros
962 1469 1078 1511 viros
1104 1472 1278 1511 senatus
1304 1470 1416 1512 vinc-

76 1532 146 1572 tos
177 1529 376 1571 hostibus
408 1528 649 1570 dedidisset.

25 1599 58 1624 ²5
160 1588 221 1629 At
250 1602 351 1629 vero
377 1587 424 1629 Τ.
442 1586 648 1629 Veturius
674 1589 717 1628 et
743 1585 813 1642 Sp.
837 1586 1085 1629 Postumius
1118 1602 1213 1629 cum
1240 1587 1397 1629 iterum
1420 1573 1484 1656 ἐξ

77 1647 274 1689 consules
301 1650 456 1699 essent,
483 1647 594 1701 quia,
626 1661 721 1688 cum
753 1646 866 1687 male
896 1649 1137 1702 pugnatum
1170 1646 1283 1712 apud
1309 1645 1416 1688 Cau-

78 1705 195 1747 dium
223 1708 348 1759 esset,
380 1705 623 1761 legionibus
642 1705 802 1747 nostris
823 1705 933 1746 sub
921 1719 1072 1760 Iugum
1097 1705 1240 1746 missis
1266 1720 1416 1759 pacem

77 1779 173 1807 cum
194 1763 458 1807 Samnitibus
489 1763 693 1818 fecerant,
724 1763 856 1805 dediti
881 1767 982 1805 sunt
1006 1763 1081 1818 iis3
1111 1763 1277 1805 iniussu
1303 1764 1416 1806 enim

77 1824 228 1879 populi
271 1826 528 1877 senatusque
565 1823 766 1865 fecerant.
827 1821 1074 1877 Eodemque
1116 1825 1310 1877 tempore
1351 1822 1415 1864 Ti.

26 1892 59 1919 30
77 1881 313 1937 Numicius,
344 1881 392 1931 Q.
417 1882 610 1936 Maelius,
643 1882 715 1936 qui
746 1884 838 1923 tum
870 1881 1034 1922 tribuni
1059 1882 1115 1936 pl.
1135 1884 1269 1936 erant,
1302 1881 1416 1936 quod

78 1956 226 1983 eorum
257 1941 515 1983 auctoritate
546 1955 631 1996 pax
662 1943 756 1982 erat
785 1940 913 1993 facta,
946 1940 1077 1982 dediti
1109 1942 1227 1994 sunt,
1258 1942 1307 1982 ut
1331 1956 1416 1995 pax

78 1998 334 2042 Samnitium
366 2000 682 2066 repudiaretur,
724 2002 852 2054 atque
888 1999 1015 2041 huius
1054 1999 1282 2041 deditionis
1321 1999 1416 2054 ipse

76 2058 337 2112 Postumius,
370 2059 443 2114 qui
472 2059 717 2112 dedebatur,
744 2073 894 2100 suasor
919 2061 962 2099 et
988 2061 1137 2100 auctor
1160 2057 1256 2100 fuit.
1293 2057 1415 2107 Quod

77 2117 190 2159 idem
221 2118 370 2159 multis
404 2118 525 2159 annis
557 2120 657 2172 post
689 2116 733 2159 C.
762 2116 998 2172 Mancinus,
1030 2118 1120 2172 qui,
1151 2119 1201 2159 ut
1225 2115 1415 2159 Numan-

27 2187 59 2214 ³5
77 2176 198 2230 tinis,
242 2178 495 2231 quibuscum
533 2177 623 2218 sine
661 2179 834 2218 senatus
876 2151 1133 2218 auctdritate
1169 2175 1319 2218 foedus
1356 2176 1414 2217 fe-

78 2238 207 2288 cerat,
239 2235 473 2290 dederetur,
505 2235 775 2292 rogationem
808 2235 944 2277 suasit
975 2250 1082 2290 eam,
1115 2250 1243 2290 quam
1267 2234 1313 2277 L
1336 2234 1415 2277 Fu-

77 2295 179 2349 rius,
223 2295 315 2336 Sex.
348 2295 509 2336 Atilius
549 2309 600 2336 ex
632 2297 805 2336 senatus
843 2294 1038 2336 consulto
1072 2294 1288 2348 ferebant3
1331 2308 1416 2348 qua
