1663 2490
135 146 190 186 14

134 197 177 228 58

135 1231 179 1262 59

130 2111 175 2143 60

206 58 288 100 108
731 58 794 93 ΒΕ
821 56 1018 92 OFFIOIIS

294 164 454 214 Quodsi
490 165 780 220 vituperandi,
825 165 898 218 qui
940 165 1220 219 reticuerunt,
1265 165 1366 220 quid
1403 165 1454 207 de
1490 166 1544 208 iis

205 224 535 266 existimandum
580 226 662 278 est,
706 223 778 277 qui
823 223 1030 264 orationis
1069 224 1306 265 vanitatem
1344 224 1545 265 adhibue-

203 283 333 324 runt?
395 281 438 324 C.
477 281 654 336 Canius,
697 295 825 335 eques
864 281 1100 336 Romanus,
1138 296 1216 324 nec
1253 282 1463 324 infacetus
1502 285 1546 324 et

205 341 310 382 satis
355 341 591 394 litteratus,
635 355 729 382 cum
774 354 817 381 se
861 338 1093 394 Syracusas
1135 341 1316 396 otiandi,
1362 343 1410 382 ut
1453 341 1545 396 ipse

205 400 342 441 dicere
374 400 553 452 solebat,
584 413 670 440 non
700 398 951 454 negotiandi
977 413 1105 440 causa
1130 400 1396 454 contulisset,
1428 399 1545 441 dicti·
1582 411 1598 437 5

204 459 328 500 tabat
367 472 410 499 se
448 457 645 499 hortulos
684 457 850 511 aliquos
889 471 1028 498 emere
1065 458 1195 512 velle,
1239 473 1322 512 quo
1363 458 1546 500 invitare

205 517 365 558 amicos
393 519 435 557 et
460 516 534 556 ubi
558 530 601 557 se
623 516 838 557 oblectare
859 517 950 557 sine
970 516 1368 571 interpellatoribus
1388 519 1546 572 posset.

206 575 327 624 Quod
348 590 442 616 cum
463 574 810 629 percrebruisset,
832 574 1015 628 Pythius
1036 575 1073 616 ei
1094 574 1279 629 quidam,
1306 575 1378 630 qui
1399 590 1547 631 argen-

204 634 361 675 tariam
387 633 547 674 faceret
568 631 802 687 Syracusis,
828 634 1000 674 venales
1027 633 1196 687 quidem
1224 648 1268 675 se
1291 634 1441 676 hortos
1460 648 1548 675 non

205 693 376 745 habere,
402 692 475 733 sed
501 692 628 733 licere
653 692 717 733 uti
744 690 889 746 Canio,
916 692 951 733 si
977 693 1120 745 vellet,
1146 694 1195 732 ut
1221 692 1322 746 suis,
1348 695 1391 733 et
1417 692 1545 734 simul
1568 705 1600 730 ιο
1661 719 1663 742 ,

206 751 259 792 ad
297 765 444 792 cenam
482 750 700 792 hominem
737 750 781 791 in
818 750 969 792 hortos
1006 751 1208 791 invitavit
1244 751 1289 792 in
1326 754 1547 805 posterum

206 810 330 851 diem.
393 808 499 851 Cum
530 809 605 850 ille
637 809 924 864 promisisset,
961 812 1054 850 tum
1085 809 1286 864 Pythius,
1325 810 1397 864 qui
1435 812 1548 851 esset

205 871 254 909 ut
292 868 563 924 argentarius
603 868 715 922 apud
752 882 897 909 omnes
937 868 1105 910 ordines
1139 868 1373 923 gratiosus,
1412 869 1547 924 pisea‘

205 930 321 968 tores
355 927 408 968 ad
440 941 483 968 se
517 926 768 968 convocavit
799 929 842 968 et
874 926 927 968 ab
959 927 1012 968 iis
1043 926 1210 981 petivit,
1241 929 1290 968 ut
1322 930 1420 968 ante
1447 941 1546 968 suos

204 986 403 1027 hortulos
436 985 643 1040 postridie
674 986 960 1040 piscarentur,
998 985 1206 1040 dixitque,
1245 986 1345 1040 quid
1384 1000 1456 1028 eos
1487 985 1546 1027 fa·
1568 997 1600 1023 15
1659 1013 1663 1034 Ι

206 1059 299 1086 cere
331 1045 473 1086 vellet.
524 1044 592 1085 Ad
624 1059 771 1086 cenam
803 1044 989 1098 tempori
1019 1044 1138 1085 venit
1164 1043 1339 1099 Canius,
1371 1045 1547 1100 opipare

207 1119 231 1145 a
250 1103 409 1157 Pythio
437 1103 692 1157 adparatum
718 1103 973 1157 convivium,
999 1103 1249 1144 cumbarum
1276 1106 1374 1144 ante
1401 1104 1546 1145 oculos

206 1162 456 1215 multitudo;
499 1176 577 1216 pro
617 1176 660 1203 se
699 1161 897 1216 quisque,
935 1161 1048 1216 quod
1086 1164 1274 1217 ceperat,
1313 1161 1548 1216 adferebat,

205 1223 304 1262 ante
341 1220 469 1275 pedes
506 1220 637 1274 Pythi
674 1221 812 1275 pisces
854 1221 1160 1262 abiciebantur.
1220 1220 1330 1262 Tum
1368 1220 1545 1262 Canius:

207 1279 460 1333 ‘Quaeso',
484 1279 635 1333 inquit,
662 1278 803 1333 ‘quid
829 1282 906 1320 est
931 1279 1040 1333 hoc,
1067 1279 1248 1333 Pythi?
1281 1282 1546 1321 tantumne
1566 1291 1600 1317 20
1658 1305 1663 1329 .-

204 1338 450 1393 piscium?
482 1340 747 1379 tantumne
780 1337 1121 1379 cumba1·um‘?'
1182 1337 1241 1379 Et
1271 1338 1364 1379 ille:
1397 1337 1546 1386 ‘Quid

204 1396 448 1450 mirumP',
488 1397 646 1450 inquit,
685 1396 798 1438 ‘hoc
830 1398 941 1439 loco
975 1399 1069 1450 est,
1107 1395 1376 1450 Syracusis
1410 1397 1545 1452 quic-

205 1456 324 1510 quid
362 1458 440 1497 est
476 1456 711 1510 piscium,
756 1455 837 1497 hic
875 1455 1104 1510 aquatio,
1146 1455 1238 1497 hac
1281 1456 1411 1497 villa
1454 1456 1546 1496 isti

204 1529 377 1557 carere
420 1529 519 1556 non
563 1513 805 1569 possunt.’
867 1513 1069 1555 Incensus
1109 1512 1266 1555 Canius
1311 1514 1544 1570 cupiditate

203 1573 424 1616 contendit
455 1588 480 1614 a
511 1572 687 1627 Pythio,
724 1575 773 1614 ut
810 1573 1029 1627 venderet3
1067 1576 1245 1629 gravate
1281 1573 1356 1614 ille
1385 1573 1598 1629 prim0325

204 1632 305 1687 quid
343 1632 510 1674 multa?
547 1632 764 1686 impetrat.
825 1631 944 1673 Emit
981 1632 1109 1673 homo
1150 1631 1327 1687 cupidus
1360 1634 1401 1673 et
1433 1632 1544 1674 locu-

202 1692 296 1746 ples
328 1691 457 1744 tanti,
496 1691 645 1745 quanti
676 1690 858 1744 Pythius
890 1691 1046 1745 voluit,
1085 1693 1128 1732 et
1160 1691 1262 1732 emit
1294 1691 1545 1745 instructos3

202 1750 378 1792 nomina
415 1750 538 1803 facit,
578 1749 801 1804 negotium
840 1749 1022 1791 conficit.
1083 1749 1246 1791 Invitat
1278 1748 1434 1791 Canius
1472 1764 1544 1804 po-

203 1809 352 1850 stridie
388 1808 625 1849 familiares
664 1823 782 1862 suos,
819 1809 937 1849 venit
974 1809 1064 1863 ipse
1108 1811 1291 1862 mature,
1336 1809 1543 1850 scalmum

201 1868 370 1908 nullum
402 1868 533 1921 videt,
573 1867 740 1922 quaerit
772 1881 822 1908 ex
853 1867 1048 1921 proximo
1080 1867 1237 1921 vicino,
1277 1882 1380 1908 num
1410 1867 1543 1908 feriae
1563 1879 1598 1904 30
1662 1897 1663 1901 ,

203 1927 411 1980 quaedam
443 1926 707 1980 piscatorum
741 1928 901 1979 essent,
943 1925 1056 1980 quod
1088 1940 1158 1967 eos
1190 1926 1333 1967 nullos
1366 1926 1542 1967 videret.

203 1984 428 2038 ‘Nullae,
473 1985 604 2039 quod
642 1984 831 2038 sciam’,
875 1984 1032 2039 inquit,
1077 1983 1183 2026 ‘sed
1226 1984 1306 2026 hic
1350 1985 1544 2039 piscari

200 2044 332 2085 nulli
378 2044 566 2097 solent3
609 2044 777 2097 itaque
820 2043 930 2084 heri
974 2043 1215 2098 mirabar,
1260 2043 1378 2097 quid
1416 2043 1543 2085 acci-

201 2101 390 2143 disset.³
454 2101 724 2144 Stomachari
756 2100 932 2156 Canius3
970 2102 1043 2143 sed
1076 2102 1177 2156 quid
1213 2101 1403 2143 faceret?
1440 2116 1542 2143 non·

201 2161 301 2202 dum
346 2160 457 2202 enim
497 2160 542 2202 O.
580 2161 799 2215 Aquilius,
843 2161 1011 2215 collega
1055 2163 1097 2202 et
1138 2160 1366 2202 familiaris
1411 2175 1541 2215 meus,
1561 2170 1596 2197 35

199 2220 441 2275 protulerat
469 2220 517 2260 de
544 2219 642 2261 dolo
666 2220 781 2261 malo
806 2218 1036 2273 formulas3
1060 2219 1105 2260 in
1125 2220 1279 2273 quibus
1298 2219 1416 2274 ipsis,
1446 2234 1541 2261 cum

199 2292 249 2320 ex
271 2293 320 2321 eo
342 2281 628 2333 quaereretur,
654 2278 755 2333 quid
776 2280 889 2319 esset
915 2278 1038 2319 dolus
1058 2278 1210 2331 malus,
1235 2278 1539 2331 respondebat:
