1663 2490
552 90 651 126 ΟΑΡ.
679 95 736 134 26,
762 95 817 127 27.
873 94 892 133 g
918 95 1092 127 98—104.
1412 91 1495 132 195

158 203 224 242 est
254 200 308 241 ab
335 198 536 253 amand03
567 213 711 240 amare
737 201 880 240 autem
910 197 1019 239 nihil
1051 200 1118 238 est
1149 197 1264 238 aliud
1289 198 1372 238 nisi
1398 212 1494 238 eum

156 260 298 314 ipsum
335 257 530 313 diligere,
574 271 700 312 quem
738 271 874 311 ames,
915 256 1036 298 nulla
1077 255 1332 311 indigentia,
1374 256 1495 297 nulla

157 317 347 359 utilitate
380 316 593 370 quaesita3
625 330 734 370 quae
765 318 910 357 tamen
940 315 1035 370 ipsa
1060 314 1297 356 ecflorescit
1322 329 1371 356 ex
1392 315 1495 356 ami—

157 375 276 429 citia,
319 375 491 417 etiamsi
527 377 575 416 tu
614 389 707 416 eam
745 375 886 416 minus
930 376 1098 416 secutus
1137 374 1208 414 sis.
1268 372 1362 415 Hac
1397 387 1476 414 nos
1500 383 1562 413 101

121 448 137 473 5
157 434 451 476 adulescentes
484 433 775 475 benivolentia
807 446 928 474 senes
966 433 1087 486 illos,
1123 431 1170 473 L.
1201 431 1402 486 Paulum,
1439 431 1494 473 M.

157 492 377 544 Catonem,
409 490 455 534 G
487 490 657 546 Galum,
691 492 737 533 P.
769 490 991 546 Nasicam,
1025 490 1088 533 Ti.
1120 489 1379 541 Gracchum,
1410 488 1494 532 Sci-

156 551 296 607 pionis
340 550 480 593 nostri
517 565 730 606 socerum,
773 550 1017 604 dileximus,
1057 550 1162 592 haec
1194 549 1323 591 etiam
1356 549 1494 605 magis

157 611 296 652 elucet
326 609 439 651 inter
470 610 690 664 aequales,
732 612 780 651 ut
816 610 929 650 inter
965 623 1032 650 me
1071 611 1114 650 et
1145 606 1407 663 Scipionem,
1428 584 1495 649 CL.

155 668 344 735 Furium,
375 668 421 710 P.
452 668 686 723 Rupilium,
718 666 788 723 Sp.
807 667 1072 709 Mummium.
1115 666 1318 709 Vicissim
1351 669 1494 709 autem

106 742 138 766 ιο
158 742 278 770 senes
316 728 361 769 in
399 727 735 770 adulescentium
773 726 953 769 caritate
990 726 1320 781 adquiescimus,
1362 728 1412 767 ut
1450 725 1495 767 in

157 790 313 841 vestra,
344 789 393 828 ut
423 786 468 828 in
499 785 546 835 Q.
578 785 836 839 Tuberonisz,
872 785 1068 840 equidem
1099 785 1231 826 etiam
1265 785 1495 827 admodum

157 845 443 888 adulescentis
482 844 529 887 P.
566 844 722 899 Rutili,
772 844 823 886 A.
861 843 1042 900 Vergini
1085 844 1383 885 familiaritate
1428 843 1495 885 de-

157 905 304 946 lector.
347 902 643 958 Quoniamque
674 904 737 945 ita
767 903 879 945 ratio
912 905 1162 958 comparata
1193 906 1260 944 est
1284 903 1399 944 vitae
1424 917 1495 944 na-

156 966 362 1017 turaeque
386 965 573 1016 nostrae,
604 965 653 1004 ut
672 962 758 1004 alia
776 975 825 1003 ex
843 962 931 1004 alia
956 964 1075 1003 aetas
1095 962 1271 1015 oriatur,
1297 969 1494 1003 maxume

105 1034 137 1059 15
158 1021 328 1076 quidem
360 1021 596 1075 optandum
628 1023 706 1075 est,
737 1023 785 1062 ut
811 1035 906 1062 cum
938 1020 1189 1075 aequalibus
1221 1020 1374 1075 possis,
1406 1021 1494 1075 qui-

155 1080 333 1122 buscum
365 1082 588 1134 tamquam
614 1094 636 1120 e
662 1079 903 1121 carceribus
929 1079 1110 1120 emissus
1138 1079 1209 1132 sis,
1237 1093 1332 1120 cum
1358 1079 1494 1120 isdem

155 1139 209 1180 ad
240 1138 417 1191 calcem,
460 1140 509 1179 ut
540 1137 712 1192 dicitur,
749 1137 982 1192 pervenire.
1043 1136 1125 1179 Sed
1163 1137 1365 1192 quoniam
1408 1152 1476 1179 res
1499 1145 1563 1176 102

154 1197 368 1239 humanae
398 1195 577 1253 fragiles
609 1196 876 1250 caducaeque
908 1198 1026 1250 sunt,
1059 1210 1226 1251 semper
1258 1197 1392 1251 aliqui
1423 1211 1494 1239 an-

156 1255 351 1311 quirendi
382 1258 499 1309 sunt,
533 1269 639 1309 quos
672 1255 903 1310 diligamus
929 1257 973 1296 et
1004 1270 1029 1296 a
1061 1255 1215 1309 quibus
1245 1255 1495 1312 diligamur3

103 1327 136 1351 20
156 1314 336 1357 caritate
379 1314 492 1356 enim
535 1314 910 1368 benivolentiaque
960 1314 1133 1355 sublata
1183 1314 1321 1355 omnis
1366 1317 1432 1357 est
1471 1329 1494 1357 e

156 1374 247 1415 vita
284 1373 457 1418 sublata
492 1373 747 1415 iucunditas.
806 1372 915 1414 Mihi
946 1372 1117 1427 quidem
1149 1371 1308 1428 Scipio,
1349 1388 1494 1427 quam-

157 1447 284 1487 quam
311 1434 377 1473 est
403 1432 547 1474 subito
573 1434 758 1487 ereptus,
783 1431 892 1473 vivit
910 1434 1057 1474 tamen
1083 1446 1334 1487 semperque
1360 1432 1494 1487 vivet3

155 1491 361 1533 virtutem
398 1490 512 1532 enim
550 1491 692 1533 amavi
727 1491 846 1532 illius
883 1490 981 1541 viri,
1026 1505 1133 1545 quae
1177 1491 1364 1533 extincta
1406 1505 1495 1533 non

156 1553 243 1603 θεὲ-,-
281 1564 359 1592 nec
395 1549 503 1591 mihi
547 1550 628 1591 soli
672 1552 869 1591 versatur
910 1552 1009 1591 ante
1046 1549 1212 1603 oculos,
1255 1549 1328 1604 qui
1371 1550 1494 1592 illam

104 1619 136 1645 25
155 1623 323 1664 semper
371 1608 417 1650 in
459 1608 657 1650 manibus
700 1608 851 1662 habui,
895 1608 968 1649 sed
1012 1608 1143 1650 etiam
1182 1608 1369 1663 posteris
1413 1609 1494 1650 erit

155 1668 272 1710 clara
291 1670 335 1709 et
359 1667 555 1723 insignis.
592 1666 731 1709 Nemo
751 1682 956 1721 umquam
976 1667 1119 1708 animo
1140 1670 1215 1709 aut
1235 1681 1309 1722 spe
1329 1667 1494 1710 maiora

155 1726 376 1782 suscipiet,
414 1726 487 1781 qui
519 1726 602 1767 sibi
632 1741 720 1768 non
750 1726 867 1767 illius
899 1726 1151 1768 memoriam
1183 1728 1312 1780 atque
1342 1726 1493 1783 imagi—

153 1799 251 1826 nem
275 1784 598 1840 proponendam
623 1787 757 1840 putet.
800 1784 1011 1839 Equidem
1034 1799 1084 1826 ex
1110 1785 1308 1826 omnibus
1334 1785 1475 1840 rebus,
1497 1796 1562 1828 103

155 1858 260 1899 quas
292 1844 400 1885 mihi
430 1847 506 1886 aut
535 1843 712 1885 fortuna
742 1846 818 1885 aut
841 1847 997 1885 natura
1021 1843 1189 1898 tribuit,
1212 1843 1321 1885 nihil
1341 1844 1493 1899 habeo,

104 1914 136 1939 ³0
156 1903 267 1957 quod
305 1917 401 1945 cum
444 1903 636 1945 amicitia
673 1901 883 1958 Scipionis
920 1903 1084 1969 possim
1121 1917 1382 1957 comparare.
1441 1878 1494 1944 Iri

153 1961 233 2004 hac
264 1962 371 2003 mihi
402 1961 453 2003 de
483 1977 530 2003 re
560 1961 735 2017 publica
765 1975 1017 2015 consensus,
1047 1961 1094 2002 in
1124 1961 1205 2003 hac
1234 1976 1377 2003 rerum
1409 1962 1493 2017 pri-

154 2023 352 2062 vatarum
383 2021 628 2075 consilium,
669 2021 715 2062 in
753 2021 900 2062 eadem
937 2020 1114 2086 requies
1141 2020 1269 2075 plena
1306 2021 1492 2063 oblecta-

154 2079 282 2121 tionis
319 2078 414 2121 fuit.
474 2078 724 2134 Numquam
760 2079 884 2120 illum
915 2093 968 2121 ne
1012 2079 1189 2120 minima
1233 2079 1403 2146 quidem
1447 2094 1493 2121 re

154 2138 320 2193 offendi,
353 2138 466 2193 quod
498 2138 668 2193 quidem
694 2138 910 2192 senserim,
936 2137 1045 2179 nihil
1072 2138 1215 2180 audivi
1240 2153 1291 2179 ex
1317 2153 1365 2180 eo
1388 2138 1493 2193 ipse,

102 2207 134 2233 ³5
154 2197 267 2251 quod
308 2198 488 2252 nollem3
530 2212 616 2239 una
653 2197 802 2239 domus
847 2199 956 2252 erat,
1006 2197 1119 2238 idem
1162 2197 1322 2251 victus,
1370 2197 1491 2251 isque

154 2256 408 2310 communis,
433 2271 571 2311 neque
604 2257 741 2298 solum
774 2256 947 2310 militia,
980 2256 1054 2297 sed
1086 2256 1215 2297 etiam
1247 2256 1491 2311 peregrina-

152 2314 291 2356 tiones
322 2315 709 2370 rusticationesque
741 2329 997 2357 communes.
1041 2313 1154 2356 Nam
1188 2314 1288 2369 quid
1316 2329 1395 2370 ego
1422 2314 1470 2356 de
1496 2325 1560 2356 104

1140 2384 1208 2418 13*
