1663 2490
378 53 466 88 LIB.
493 53 519 89 1.
570 52 671 88 cAP.
698 57 754 98 39,
779 57 834 88 40.
885 57 904 95 ς
932 56 1116 88 139—145
1364 53 1422 93 49

84 163 239 215 lemus,
259 162 318 203 sic
339 161 539 203 definitur
559 176 584 202 a
604 159 778 215 Stoicis,
803 163 852 202 ut
878 159 1131 201 modestia
1157 160 1215 200 sit
1241 160 1422 201 scientia

83 235 225 262 rerum
250 234 415 273 earum,
440 234 548 274 quae
574 223 757 275 agentur
783 222 858 261 aut
882 219 1088 271 dicentur,
1114 218 1208 260 loco
1235 232 1312 260 suo
1338 219 1421 260 col-

29 291 33 294 ·
82 278 370 321 locandarum.
431 277 502 320 Ita
538 278 706 320 videtur
744 277 891 320 eadem
922 277 986 319 vis
1025 277 1186 318 ordinis
1219 279 1262 318 et
1293 277 1421 319 collo-

83 337 264 380 cationis
295 336 406 391 fore3
437 351 537 379 nam
570 340 613 378 et
645 337 870 378 ordinem
903 335 964 378 sic
995 335 1220 377 definiunt:
1253 350 1422 390 compo-

48 396 284 438 ⁵sitionem
325 410 467 437 rerum
509 396 623 451 aptis
662 399 704 437 et
741 394 1074 438 accommodatis
1118 394 1242 448 locis3
1279 395 1421 437 locum

85 457 229 497 autem
270 454 452 496 actionis
494 455 833 509 oportunitatem
874 454 1081 509 temporis
1122 467 1215 495 esse
1257 453 1421 507 dicunt,

83 517 252 568 tempus
295 516 437 555 autem
480 513 662 555 actionis
704 515 962 569 oportunum
1005 512 1165 554 Graece
1207 508 1421 565 εὐκαιρία,

83 571 236 614 Latine
268 572 513 627 appellatur
546 572 724 614 occasio.
785 570 853 613 Sic
885 572 952 625 fit,
983 574 1032 612 ut
1063 571 1275 613 modestia
1305 571 1422 624 haec,

85 646 212 686 quam
248 631 312 672 ita
348 631 695 686 interpretamur,
734 634 781 672 ut
814 631 917 684 dixi,
950 630 1129 672 scientia
1161 630 1218 671 sit
1250 632 1422 685 oportu-

32 702 64 726 ιο
83 690 234 731 nitatis
259 689 509 731 idoneorum
536 690 589 731 ad
615 690 828 745 agendum
853 692 1108 744 temporum.
1159 687 1240 730 Sed
1260 691 1406 744 potest
1428 699 1491 730 143

86 748 232 790 eadem
260 763 352 790 esse
377 749 629 804 prudentiae
657 749 865 801 definitio,
898 748 947 789 de
974 762 1057 802 qua
1083 747 1293 803 principio
1321 748 1422 788 dixi·

84 822 198 860 mus;
235 807 316 849 hoc
347 810 490 849 autem
523 808 617 849 loco
657 807 707 849 de
738 807 1030 849 moderatione
1062 810 1105 848 et
1135 807 1421 861 temperantia

86 870 129 908 et
148 866 301 908 harum
329 866 542 908 similibus
570 866 803 908 virtutibus
831 865 1086 920 quaerimus.
1129 865 1292 920 Itaque,
1313 880 1421 920 quae

85 928 206 966 erant
243 925 494 980 prudentiae
532 925 725 980 propria,
764 939 840 966 suo
879 925 973 966 loco
1012 924 1126 965 dicta
1163 928 1281 977 sunt3
1314 939 1422 978 quae

31 994 64 1020 1⁵
86 986 229 1026 autem
261 983 414 1025 harum
446 984 673 1037 virtutum,
706 983 756 1025 de
789 983 942 1037 quibus
973 983 1061 1024 iam
1093 982 1162 1024 diu
1196 983 1422 1037 loquimur,

85 1056 192 1097 quae
231 1042 448 1097 pertinent
487 1043 539 1083 ad
576 1041 874 1084 verecundiam
914 1044 956 1082 et
993 1041 1046 1082 ad
1084 1055 1231 1082 eorum
1271 1056 1422 1096 appro-

83 1102 321 1154 bationem,
354 1101 607 1155 quibuscum
637 1101 840 1154 vivimus,
871 1114 982 1142 nunc
1015 1100 1190 1141 dicenda
1223 1103 1334 1142 sunt.

172 1160 291 1202 Talis
312 1163 378 1201 est
397 1160 531 1215 igitur
546 1160 649 1202 ordo
670 1159 887 1202 actionum
902 1159 1178 1213 adhibendus,
1197 1162 1257 1213 ut,
1277 1174 1404 1214 quem
1427 1170 1493 1201 144

85 1219 138 1261 ad
176 1219 349 1260 modum
386 1219 431 1260 in
463 1219 656 1261 oratione
695 1218 929 1272 constanti,
973 1218 1033 1260 sic
1069 1218 1113 1259 in
1150 1218 1242 1259 vita
1279 1219 1423 1260 omnia

32 1288 65 1314 20
86 1279 173 1320 sint
205 1280 308 1332 apta
338 1278 451 1319 inter
482 1292 526 1319 se
559 1280 602 1319 et
633 1277 948 1330 convenientia3
979 1280 1104 1331 turpe
1138 1277 1250 1318 enim
1281 1277 1421 1319 valde-

86 1351 167 1392 que
198 1337 403 1378 vitiosum
436 1337 478 1378 in
511 1351 556 1378 re
589 1351 738 1378 severa
774 1336 969 1378 convivio
1004 1335 1133 1391 digna
1165 1339 1240 1377 aut
1272 1335 1421 1378 delica-

85 1399 177 1437 tum
210 1396 395 1450 aliquem
433 1395 590 1437 inferre
629 1410 879 1437 sermonem.
942 1394 1057 1436 Bene
1088 1394 1293 1448 Pericles,
1325 1410 1421 1437 cum

84 1455 264 1496 haberet
289 1455 500 1510 collegam
526 1455 571 1496 in
596 1457 800 1510 praetura
818 1452 1074 1509 Sophoclem
1101 1456 1274 1509 poetam
1306 1454 1421 1509 iique

86 1514 135 1555 de
181 1513 395 1555 communi
439 1513 580 1555 officio
622 1513 920 1555 convenissent
969 1516 1012 1554 et
1061 1527 1162 1554 casu
1204 1513 1420 1555 formosus

31 1582 65 1608 25
84 1587 189 1628 puer
226 1572 481 1627 praeteriret
518 1572 778 1626 dixissetque
817 1571 1068 1627 Sophocles:
1114 1571 1169 1613 ‘O
1211 1587 1421 1626 puerum

83 1630 371 1686 pulchrum,
409 1630 646 1673 Pericle!'
710 1631 790 1672 ‘At
828 1631 957 1672 enim
990 1634 1299 1686 praetorem,
1337 1629 1420 1672 So—

84 1690 283 1745 phocle,
310 1690 453 1732 decet
478 1705 579 1731 non
604 1691 768 1732 solum
795 1704 989 1744 manus,
1016 1689 1101 1731 sed
1128 1689 1283 1731 etiam
1310 1704 1421 1732 ocu-

84 1749 160 1791 los
200 1749 524 1790 abstinentes
561 1748 775 1790 habere.'
827 1748 963 1803 Atqui
1001 1748 1082 1790 hoc
1112 1748 1226 1789 idem
1259 1747 1421 1803 Sopho-

84 1809 170 1850 cles
215 1808 252 1849 si
294 1808 338 1849 in
377 1807 639 1849 athletarum
677 1807 932 1863 probatione
971 1807 1164 1860 dixisset,
1207 1807 1323 1848 iusta
1359 1822 1422 1848 re-

33 1876 65 1903 80
82 1866 366 1922 prehensione
386 1867 606 1908 caruisset.
643 1866 784 1908 Tanta
802 1867 867 1908 vis
888 1869 953 1908 est
973 1869 1016 1907 et
1035 1866 1119 1908 loci
1139 1868 1182 1907 et
1200 1867 1420 1921 temporis.

82 1924 154 1979 Ut,
187 1925 223 1967 si
255 1925 339 1980 qui,
372 1940 468 1968 cum
499 1940 673 1967 causam
705 1926 762 1967 sit
794 1928 978 1976 acturus,
1010 1925 1055 1966 in
1086 1925 1238 1966 itinere
1271 1928 1345 1966 aut
1376 1925 1421 1966 in

84 1985 376 2026 ambulatione
415 1998 558 2027 secum
595 1985 688 2039 ipse
720 1984 962 2038 meditetur,
995 1987 1069 2025 aut
1101 1984 1138 2025 si
1170 1984 1271 2038 quid
1303 1984 1420 2025 aliud

82 2043 290 2085 attentius
321 2043 501 2098 cogitet,
538 2058 625 2085 non
656 2043 1005 2098 reprehendatur,
1043 2045 1089 2084 at
1125 2042 1206 2084 hoc
1237 2042 1350 2084 idem
1383 2043 1421 2084 si

81 2103 125 2143 in
151 2102 345 2144 convivio
371 2102 524 2156 faciat,
549 2103 809 2144 inhumanus
834 2103 1031 2143 videatur
1055 2102 1228 2143 inscitia
1254 2105 1419 2156 tempo-

33 2171 65 2198 85
84 2161 155 2202 ris.
205 2159 286 2203 Sed
318 2176 378 2215 ea,
412 2176 519 2216 quae
551 2162 737 2203 multum
763 2162 816 2202 ab
845 2161 1113 2203 humanitate
1146 2160 1401 2215 discrepant,
1426 2171 1490 2202 145

82 2223 131 2261 ut
163 2220 199 2261 si
237 2220 309 2274 qui
346 2220 391 2261 in
426 2219 522 2262 foro
555 2223 717 2274 cantet,
756 2223 830 2262 aut
862 2220 899 2261 si
931 2234 1015 2274 qua
1047 2222 1114 2261 est
1145 2220 1232 2261 alia
1262 2234 1420 2275 magna

83 2279 363 2333 perversitas,
395 2278 520 2320 facile
553 2282 734 2334 apparet
764 2294 841 2320 nec
873 2293 1134 2334 magnopere
1168 2279 1418 2320 admonitio-

155 2352 227 2380 c1c.
246 2354 300 2380 Π.
320 2356 344 2379 a.
1187 2352 1209 2382 4
