1663 2490
201 38 256 78 72
723 37 787 72 DE
813 35 1012 72 OFFICHS

200 145 302 200 tati,
321 159 469 187 verum
490 144 621 186 etiam
640 144 819 186 favetur.
855 143 1003 201 Prima
1026 145 1161 200 igitur
1186 147 1252 187 est
1278 145 1537 187 adulescenti

201 204 514 246 commendatio
560 204 613 245 ad
657 204 858 259 gloriam,
901 203 937 244 si
981 218 1065 258 qua
1109 218 1159 245 ex
1203 204 1368 245 bellicis
1409 204 1536 246 rebus

201 263 442 318 comparari
472 264 634 317 potest,
668 263 713 303 in
744 277 828 316 qua
859 262 986 303 multi
1011 262 1124 317 apud
1155 263 1338 304 maiores
1365 265 1536 305 nostros

202 322 477 375 exstiterunt3
509 335 677 375 semper
708 321 821 361 enim
852 320 940 362 fere
973 321 1088 362 bella
1119 322 1390 377 gerebantur.
1445 321 1537 363 Tua

203 383 346 422 autem
385 383 504 422 aetas
541 379 691 421 incidit
727 379 772 420 in
808 379 852 420 id
888 379 1068 433 bellum,
1105 380 1223 421 cuius
1262 380 1400 421 altera
1435 395 1535 435 pars
1573 389 1590 417 ⁵

203 439 374 481 sceleris
406 439 588 480 nimium
619 437 788 489 habuit,
821 438 959 479 altera
989 438 1211 480 felicitatis
1237 453 1400 493 parum.
1444 437 1536 487 Quo

201 501 346 539 tamen
377 498 422 539 in
458 497 574 538 bello
613 511 708 538 cum
746 499 788 538 te
819 496 1048 552 Pompeius
1085 497 1179 539 alae
1217 497 1381 550 [alteri]
1419 512 1537 552 prae-

200 557 391 610 fecisset,
418 570 621 611 magnam
648 555 818 597 laudem
844 558 887 597 et
912 571 937 598 a
963 570 1129 597 summo
1156 556 1248 598 viro
1275 560 1318 598 et
1343 556 1397 598 ab
1424 570 1537 597 exer-

202 616 290 657 citu
321 614 637 669 consequebare
669 614 920 669 equitando,
945 615 1188 669 iaculando,
1214 615 1331 657 omni
1356 615 1537 656 militari

201 675 350 716 labore
382 673 618 715 tolerando.
680 674 823 728 Atque
861 689 911 715 ea
942 673 1112 727 quidem
1144 676 1219 715 tua
1249 674 1344 715 laus
1374 674 1538 729 pariter
1558 685 1591 710 10

202 748 298 775 cum
347 747 392 774 re
441 733 615 787 publica
663 732 825 774 cecidit.
892 732 1000 773 Mihi
1049 735 1193 773 autem
1242 732 1348 774 haec
1397 732 1537 775 oratio

203 795 403 846 suscepta
432 806 519 833 11011
551 791 600 833 de
632 793 675 832 te
702 794 785 846 est,
817 791 890 832 sed
916 791 966 832 de
999 805 1152 846 genere
1178 794 1290 845 toto3
1321 806 1450 845 quam
1482 791 1536 833 ob

131 861 176 893 46
203 866 293 892 16111
325 865 555 906 pergamus
588 850 642 891 ad
674 865 743 904 ea,
776 865 883 904 quae
915 852 1093 891 restant.
1143 848 1204 891 Ut
1235 850 1369 905 igitur
1400 850 1445 891 in
1476 865 1537 892 re-

202 910 332 964 liquis
376 910 503 950 rebus
542 909 680 950 multo
718 909 883 950 maiora
921 923 1052 964 opera
1089 911 1190 950 sunt
1233 909 1366 950 animi
1409 923 1538 964 quam

202 969 412 1024 corporis,
454 969 513 1010 sic
546 982 619 1009 eae
651 982 737 1022 res,
775 983 881 1022 quas
913 968 1086 1023 ingenio
1119 982 1168 1010 ac
1198 968 1365 1009 ratione
1397 979 1590 1022 perse-15

202 1028 383 1082 quimur,
410 1027 621 1083 gratiores
649 1029 749 1068 sunt
769 1041 897 1081 quam
917 1027 1038 1081 illae,
1060 1041 1165 1081 quas
1185 1027 1359 1068 viribus.
1392 1027 1538 1068 Prima

200 1087 335 1143 igitur
366 1086 680 1128 commendatio
711 1086 995 1140 proficiscitur
1028 1101 1053 1127 a
1085 1085 1294 1127 modestia
1326 1101 1421 1128 cum
1452 1086 1536 1141 pie-

202 1148 293 1187 tate
324 1145 370 1186 in
400 1147 620 1200 parentes,
651 1145 696 1186 in
723 1159 821 1186 suos
848 1144 1150 1186 benivolentia.
1202 1145 1436 1186 Facillume
1467 1159 1537 1186 au-

201 1207 290 1246 tem
321 1206 365 1245 et
389 1204 434 1244 in
461 1203 669 1258 optimam
695 1206 863 1259 partem
889 1206 1206 1259 cognoscuntur
1231 1204 1537 1258 adulescentes,

201 1263 274 1317 qui
312 1277 356 1304 se
394 1262 447 1303 ad
479 1262 618 1304 claros
657 1265 701 1303 et
733 1263 946 1317 sapientes
980 1263 1093 1304 viros
1126 1263 1233 1304 bene
1265 1263 1535 1304 consulentes
1556 1274 1590 1298 20

201 1322 262 1363 rei
281 1321 479 1376 publicae
505 1321 796 1375 contulerunt3
828 1321 1079 1375 quibuscum
1101 1322 1136 1362 si
1155 1321 1399 1375 frequentes
1426 1324 1537 1375 sunt,

201 1381 445 1436 opinionem
466 1379 663 1422 adferunt
682 1380 843 1435 populo
870 1394 1016 1421 eorum
1041 1380 1133 1421 fore
1160 1394 1204 1422 se
1231 1380 1406 1435 similes,
1429 1394 1535 1434 quos

133 1451 173 1481 47
202 1439 285 1481 sibi
321 1439 406 1494 ipsi
444 1439 682 1495 delegerint
720 1439 773 1480 ad
810 1439 1077 1480 imitandum.
1137 1438 1183 1480 P.
1220 1439 1358 1480 Rutili
1396 1439 1536 1480 adule-

201 1499 409 1541 scentiam
435 1498 488 1539 ad
514 1498 759 1553 opinionem
785 1501 828 1539 et
852 1498 1120 1540 innocentiae
1147 1501 1190 1539 et
1208 1498 1313 1539 iuris
1334 1498 1535 1540 scientiae

198 1557 244 1600 P.
275 1557 389 1599 Muci
421 1557 735 1599 commendavit
766 1557 928 1598 domus.
990 1556 1102 1598 Nam
1134 1556 1178 1599 L.
1211 1557 1381 1612 quidem
1413 1556 1535 1599 Cras·
1555 1567 1589 1594 25

200 1631 290 1671 sus,
322 1631 418 1658 cum
445 1618 558 1658 esset
590 1616 818 1657 admodum
845 1616 1110 1670 adulescens,
1134 1630 1222 1658 non
1247 1615 1417 1658 aliunde
1443 1631 1535 1658 mu-

198 1677 345 1717 tuatus
377 1678 454 1725 est,
487 1675 561 1716 sed
592 1675 675 1716 sibi
700 1676 791 1729 ipse
822 1675 988 1730 peperit
1014 1690 1258 1716 maxumam
1284 1675 1454 1717 laudem
1486 1689 1536 1716 ex

198 1735 276 1776 illa
307 1734 576 1776 accusatione
601 1734 738 1776 nobili
770 1736 813 1775 et
839 1734 1050 1789 gloriosa,
1081 1737 1140 1788 et,
1173 1749 1256 1788 qua
1287 1737 1430 1775 aetate
1463 1734 1536 1789 qui

199 1796 459 1847 exercentur,
490 1793 615 1834 laude
648 1793 771 1834 adfici
804 1794 960 1847 solent,
992 1795 1041 1834 ut
1072 1793 1122 1834 de
1148 1792 1439 1834 Demosthene
1471 1807 1535 1835 ac-

199 1852 405 1907 cepimus,
437 1867 487 1893 ea
518 1854 661 1893 aetate
692 1851 736 1893 L.
769 1850 950 1893 Crassus
989 1851 1176 1893 ostendit
1213 1852 1256 1893 id
1288 1866 1332 1893 se
1363 1851 1408 1893 in
1439 1851 1532 1893 foro
1554 1863 1589 1888 3⁰

200 1913 374 1965 optume
417 1911 503 1952 iam
547 1911 705 1965 facere,
750 1911 863 1965 quod
907 1910 1036 1952 etiam
1073 1913 1165 1952 tum
1209 1913 1381 1965 poterat
1421 1910 1536 1952 domi

128 1955 183 2037 ἐξ
199 1984 295 2011 cum
327 1969 452 2011 laude
478 1970 687 2011 meditari.
749 1967 829 2011 Sed
857 1984 952 2011 cum
979 1969 1133 2024 duplex
1159 1969 1270 2011 ratio
1297 1969 1355 2010 sit
1380 1969 1535 2011 oratio-

198 2028 282 2082 nis,
310 2043 489 2082 quarum
522 2029 567 2070 in
598 2029 738 2070 altera
769 2043 910 2070 sermo
943 2028 1017 2082 sit,
1054 2029 1098 2069 in
1136 2028 1274 2070 altera
1305 2028 1535 2083 contentio,

198 2102 284 2128 11011
316 2089 382 2128 est
418 2088 462 2129 id
500 2088 670 2142 quidem
711 2087 904 2141 dubium,
943 2087 1045 2141 quin
1076 2087 1294 2129 contentio
1327 2087 1533 2129 orationis

200 2146 405 2187 maiorem
437 2146 524 2188 vim
556 2147 716 2188 habeat
747 2146 800 2188 ad
833 2146 1018 2201 gloriam
1050 2144 1119 2201 (ea
1150 2149 1216 2187 est
1248 2145 1373 2200 enim,
1405 2161 1532 2201 quam
1554 2155 1588 2182 ³⁵

199 2205 489 2259 eloquentiam
527 2205 742 2260 dicimus);
787 2205 859 2247 sed
903 2208 1050 2246 tamen
1088 2204 1261 2247 difficile
1305 2205 1421 2247 dictu
1457 2207 1535 2259 est,

200 2266 464 2320 quantopere
515 2264 715 2307 conciliet
758 2264 924 2305 animos
970 2263 1151 2306 comitas
1203 2263 1535 2319 adfabilitasque
