1663 2490
400 60 486 96 ΜΒ,
512 61 539 96 Ι.
591 61 692 97 CAP.
718 65 868 96 42—44.
919 65 938 104 ς
966 66 1160 98 151—157.
1394 63 1451 105 53

109 168 178 221 sit,
209 168 247 209 si
276 168 398 209 nulla
423 168 534 210 actio
560 182 701 210 rerum
729 170 1024 224 consequatur.
1073 167 1140 210 Ea
1166 172 1309 211 autem
1337 172 1449 212 actio

52 270 55 272 ,
107 226 153 268 in
182 226 404 268 hominum
436 227 671 268 commodis
704 227 871 269 tuendis
904 227 1089 268 maxime
1121 228 1327 282 cernitur3
1358 244 1450 283 per-

106 285 217 326 tinet
248 284 382 340 igitur
414 286 467 326 ad
499 285 749 327 societatem
782 286 949 342 generis
981 286 1176 339 humani3
1209 301 1311 343 ergo
1343 287 1449 329 haec

106 343 344 398 cognitioni
376 344 674 398 anteponenda
706 347 781 385 est.
843 344 985 399 Atque
1016 344 1060 385 id
1095 345 1285 400 optimus
1318 346 1429 400 quis·
1453 356 1518 388 154

70 412 188 456 5que
225 416 270 443 re
306 402 402 457 ipsa
439 402 628 444 ostendit
667 406 709 444 et
746 403 916 445 iudicat.
978 401 1082 452 Quis
1115 403 1228 445 enim
1259 407 1326 445 est
1357 408 1448 446 tam

105 460 282 516 cupidus
307 461 353 502 in
377 461 675 516 perspicienda
701 462 1079 517 cognoscendaque
1106 477 1247 504 rerum
1279 465 1448 518 natura,

104 522 164 572 ut,
183 519 220 560 si
240 519 278 560 ei
291 521 499 561 tractanti
519 521 916 575 contemplantique
935 535 1003 562 res
1023 521 1267 576 cognitione
1289 522 1447 577 dignis-

104 578 236 619 simas
256 578 400 620 subito
421 578 478 620 sit
496 579 678 620 allatum
692 579 927 634 periculum
943 579 1254 634 discrimenque
1268 581 1447 635 patriae,

104 637 170 678 cui
197 636 424 678 subvenire
451 637 739 692 opitularique
764 638 915 693 possit,
940 653 1026 679 non
1050 638 1128 680 illa
1154 640 1297 680 omnia
1322 640 1447 681 relin-

53 706 85 731 10
106 697 210 750 quat
242 698 370 750 atque
403 696 573 750 abiciat,
606 696 777 738 etiamsi
809 697 1077 738 dinumerare
1110 711 1154 738 se
1187 698 1339 740 stellas
1371 701 1447 740 aut

104 754 248 795 metiri
286 755 433 796 mundi
471 755 812 811 magnitudinem
850 770 976 821 posse
1014 756 1278 798 arbitretur?
1317 760 1446 812 atque

103 812 184 855 hoc
216 813 327 855 idem
360 814 404 854 in
435 814 639 869 parentis,
671 814 715 855 in
747 814 872 856 amici
899 829 943 855 re
970 818 1044 855 aut
1068 815 1257 869 periculo
1284 816 1445 857 fecerit.

104 870 267 920 Quibus
306 872 432 913 iebus
469 873 737 928 intellegitur
770 873 923 914 studiis
955 873 1192 928 officiisque
1224 874 1427 916 scientiae
1451 884 1514 917 155

102 931 404 985 praeponenda
442 945 534 973 esse
573 932 713 974 officia
750 931 960 985 iustitiae,
999 946 1106 985 quae
1143 933 1360 986 pertinent
1393 933 1446 974 ad

49 999 82 1024 15
102 989 324 1031 hominum
351 990 599 1045 utilitatem,
630 1005 715 1044 qua
739 990 848 1031 nihil
874 990 1039 1031 homini
1065 1005 1157 1031 esse
1184 991 1311 1032 debet
1337 993 1445 1033 anti-

102 1047 238 1102 quius.
300 1047 444 1103 Atque
482 1048 566 1102 illi,
611 1063 792 1103 quorum
830 1049 973 1090 studia
1010 1049 1184 1103 vitaque
1223 1050 1361 1091 omnis
1399 1051 1444 1091 in
1457 1051 1513 1092 44

101 1121 243 1148 rerum
264 1107 509 1162 cognitione
530 1110 702 1149 versata
722 1110 799 1161 est,
825 1110 970 1149 tamen
996 1108 1049 1149 ab
1078 1109 1283 1163 augendis
1310 1109 1446 1150 homi-

99 1179 203 1207 num
240 1144 504 1207 utilitatibus
543 1169 586 1207 et
622 1141 856 1208 commollis
894 1181 981 1208 non
1018 1170 1304 1222 recesserunt3
1342 1182 1445 1211 nam

101 1227 144 1266 et
176 1224 452 1266 erudiverunt
477 1226 651 1279 multos,
683 1240 766 1279 quo
793 1225 993 1266 meliores
1020 1225 1133 1267 cives
1162 1200 1444 1281 utilioiesque

0 1295 1 1305 ¹
47 1293 81 1319 20
101 1283 227 1325 rebus
266 1283 353 1324 suis
391 1283 575 1338 publicis
614 1287 774 1338 essent,
812 1287 861 1325 ut
898 1283 1150 1325 Thebanum
1182 1285 1444 1340 Epaminon-

101 1341 199 1383 dam
242 1341 366 1396 Lysis
410 1342 732 1398 Pythagoreus,
776 1341 1049 1397 Syracosium
1092 1343 1277 1385 Dionem
1316 1343 1442 1386 Plato

101 1400 311 1455 multique
343 1402 516 1456 multos,
547 1416 710 1456 nosque
741 1401 837 1456 ipsi,
870 1402 1070 1456 quicquid
1103 1402 1156 1443 ad
1188 1418 1278 1444 rem
1304 1403 1443 1458 publi-

100 1474 194 1501 cam
227 1459 470 1513 attulimus,
502 1461 539 1502 si
571 1461 697 1502 modo
730 1461 892 1515 aliquid
924 1460 1172 1514 attulimus,
1205 1477 1229 1502 a
1262 1461 1444 1504 doctori—

99 1518 179 1560 bus
212 1521 340 1573 atque
373 1519 568 1561 doctrina
604 1519 805 1561 instructi
843 1519 897 1560 ad
928 1534 1023 1561 eam
1055 1522 1097 1561 et
1129 1521 1271 1561 ornati
1305 1535 1442 1562 acces-

0 1582 3 1608 *
46 1587 80 1613 25
100 1577 244 1619 simus.
294 1576 444 1632 Neque
476 1579 617 1620 solum
649 1578 735 1619 vivi
767 1581 895 1632 atque
926 1581 1173 1633 praesentes
1207 1579 1422 1621 studiosos
1447 1589 1509 1621 15ss

99 1636 288 1678 discendi
325 1636 524 1678 erudiunt
561 1640 689 1691 atque
728 1637 897 1691 docent,
935 1637 1009 1678 secl
1047 1637 1127 1679 hoc
1164 1637 1277 1679 idem
1310 1638 1441 1680 etiam

97 1697 198 1750 post
217 1697 401 1736 mortem
428 1696 716 1737 monumentis
743 1696 987 1737 litterarum
1015 1699 1311 1751 assequuntur.
1350 1696 1441 1739 Nec

99 1754 212 1795 enim
231 1754 350 1796 locus
370 1754 485 1796 ullus
506 1757 572 1796 est
596 1755 925 1809 praetermissus
953 1754 1007 1796 ab
1033 1755 1098 1809 iis,
1131 1755 1203 1809 qui
1230 1755 1283 1797 ad
1309 1756 1442 1811 leges,

99 1813 171 1867 qui
209 1812 262 1855 ad
300 1827 458 1867 mores,
503 1814 575 1868 qui
615 1813 668 1854 ad
706 1813 977 1868 disciplinam
1014 1813 1076 1854 rei
1113 1813 1310 1868 publicae
1348 1829 1440 1869 per-

0 1878 5 1903 Ι
45 1880 78 1906 ³0
96 1871 266 1926 tineret,
290 1875 338 1913 ut
365 1872 501 1913 otium
528 1886 652 1913 suum
672 1872 726 1913 ad
744 1874 941 1913 nostrum
960 1872 1184 1928 negotium
1205 1873 1439 1914 contulisse

71 1905 333 2006 {videantur
381 1930 449 1972 Ita
479 1931 546 1972 illi
576 1931 661 1986 ipsi
693 1931 912 1972 doctrinae
945 1931 1098 1972 studiis
1131 1934 1174 1972 et
1201 1932 1439 1986 sapientiae

75 1988 229 2031 ‘dediti
261 1990 315 2031 ad
345 1990 567 2031 hominum
598 1989 835 2031 utilitatem
867 2004 989 2031 suam
1017 1989 1289 2044 prudentiam
1315 1990 1439 2032 intel—

97 2048 414 2104 legentiamque
440 2048 714 2103 potissimum
743 2048 986 2102 confer3unt
1019 2049 1073 2090 ob
1101 2063 1280 2103 eamque
1307 2049 1438 2091 etiam

97 2121 270 2149 causam
307 2107 450 2161 eloqui
488 2108 676 2162 copiose,
720 2108 845 2150 modo
887 2081 1136 2162 prudenter,
1180 2108 1332 2149 melius
1372 2111 1438 2149 est

0 2173 4 2199 Ι
43 2173 77 2200 ³5
97 2180 222 2220 quam
260 2167 330 2208 vel
368 2166 612 2207 acutissime
651 2166 741 2208 sine
780 2166 1025 2220 eloquentia
1069 2167 1279 2222 cogitare,
1325 2167 1438 2221 quod.

96 2225 302 2280 cogitatio
333 2224 378 2266 in
417 2239 460 2266 se
492 2225 588 2279 ipsa
618 2225 819 2279 vertitur,
858 2225 1105 2279 eloquentia
1136 2225 1437 2280 complectitur

97 2297 182 2338 eos,
213 2284 464 2338 quibuscum
497 2284 804 2325 communitate
830 2283 965 2325 iuncti
991 2298 1149 2325 sumus.
1200 2284 1344 2339 Atque
1371 2287 1417 2326 ut
1440 2293 1504 2327 157
