1663 2490
171 31 228 71 74
682 29 746 65 DE
773 29 972 65 OFFICIIS

99 150 141 181 51
170 138 275 180 iuris
307 138 445 181 civilis
476 139 522 181 in
552 139 703 194 primis
735 139 898 193 peritus
929 137 1024 179 fuit.
1086 137 1231 192 Atque
1263 139 1394 180 etiam
1425 138 1507 180 hoc

170 200 445 253 praeceptum
484 198 613 240 officii
651 198 881 252 diligenter
917 196 1149 238 tenendum
1181 200 1265 251 est,
1295 212 1348 239 ne
1382 212 1507 252 quem

170 271 374 311 umquam
405 257 674 299 innocentem
706 256 860 297 iudicio
893 256 1046 311 capitis
1073 270 1288 310 arcessas;
1319 257 1362 297 id
1394 256 1508 297 enim

171 316 262 357 sine
301 316 458 357 scelere
496 316 586 357 fieri
624 315 745 356 nullo
783 316 909 369 pacto
948 317 1103 369 potest.
1164 314 1277 356 Nam
1310 315 1412 369 quid
1443 318 1509 356 est

170 377 259 416 tam
294 375 572 416 inhumanum
599 389 728 428 quam
754 374 1043 427 eloquentiam
1075 389 1100 414 a
1127 376 1283 415 natura
1315 374 1368 415 ad
1395 374 1508 415 salu-
1544 385 1561 410 ⁵

169 436 257 475 tem
289 433 513 475 hominum
551 435 593 474 et
631 433 684 474 ad
715 432 1082 474 conservationem
1115 432 1258 473 datam
1291 432 1344 474 ad
1374 433 1509 474 bono-

170 507 265 533 rum
297 495 463 546 pestem
496 491 811 546 perniciemque
842 491 1118 532 convertere?
1168 490 1257 533 Nec
1282 494 1441 545 tamen,
1460 494 1508 532 ut

170 551 252 593 hoc
283 551 532 606 fugiendum
572 553 654 605 est,
691 550 797 591 item
834 554 899 591 est
930 550 1174 591 habendum
1205 550 1406 606 religioni
1436 564 1508 591 no-

171 613 338 652 centem
371 609 619 664 aliquando,
650 609 777 650 modo
809 623 862 650 ne
887 609 1099 650 nefarium
1130 609 1408 664 impiumque,
1442 609 1508 651 de-

170 669 360 723 fendere,
393 669 487 709 vult
518 668 599 710 hoc
632 668 881 721 multitudo,
913 667 1079 722 patitur
1111 668 1391 721 consuetudo,
1421 667 1509 709 fert
1529 680 1561 704 10

172 728 302 768 etiam
335 727 593 768 humanitas.
643 726 799 768 Iudicis
826 729 892 767 est
923 741 1090 781 semper
1122 726 1165 767 in
1192 727 1331 768 causis
1362 741 1510 768 verum

173 787 312 840 sequi,
345 786 517 841 patroni
548 801 635 828 non
666 800 900 840 numquam
925 786 1016 826 veri
1043 785 1201 839 simile,
1233 785 1404 827 etiamsi
1435 785 1510 826 mi-

171 860 251 886 nus
290 845 347 886 sit
384 860 550 899 verum,
590 845 831 898 defendere3
871 844 984 899 quod
1016 845 1218 898 scribere,
1255 845 1511 899 praesertim

172 919 268 946 cum
313 904 362 945 de
405 904 682 959 philosophia
732 903 980 957 scriberem,
1029 918 1116 944 non
1161 904 1378 958 auderem,
1427 903 1511 944 nisi

171 963 283 1004 idem
306 963 494 1018 placeret
515 963 770 1018 gravissimo
791 961 1044 1015 Stoicorum,
1063 962 1280 1004 Panaetio.
1311 962 1510 1004 Maxume
1531 975 1563 1000 15

173 1025 318 1063 autem
350 1025 393 1063 et
420 1023 559 1078 gloria
584 1022 752 1077 paritur
777 1024 820 1063 et
846 1022 989 1077 gratia
1015 1021 1349 1076 defensionibus,
1376 1036 1510 1076 eoque

174 1082 322 1135 maior,
361 1081 396 1122 si
435 1081 604 1135 quando
643 1081 815 1134 accidit,
853 1084 901 1121 ut
933 1081 969 1121 ei
1003 1081 1291 1134 subveniatur,
1330 1081 1401 1135 qui
1439 1095 1511 1135 po-

172 1140 304 1181 tentis
326 1140 504 1182 alicuius
526 1140 678 1195 opibus
699 1140 993 1182 circumveniri
1020 1140 1276 1195 urguerique
1303 1139 1510 1193 videatur,

176 1201 222 1240 ut
252 1213 330 1240 nos
364 1201 407 1240 et
438 1213 564 1254 saepe
596 1199 703 1240 alias
736 1202 779 1240 et
804 1199 1095 1240 adulescentes
1123 1203 1273 1240 contra
1298 1198 1343 1240 L.
1365 1197 1510 1239 Sullae

175 1258 436 1299 dominantis
481 1272 583 1312 opes
627 1272 704 1312 pro
744 1256 835 1298 Sex.
867 1257 1023 1299 Roscio
1070 1257 1275 1299 Amerino
1319 1257 1510 1312 fecimus,
1531 1269 1564 1294 20

138 1362 153 1372 Ρ
176 1332 302 1371 quae,
334 1319 382 1358 ut
415 1317 514 1370 scis,
547 1320 689 1357 exstat
720 1316 870 1358 oratio.

103 1363 160 1444 ἐξ
263 1374 345 1417 Sed
377 1376 582 1430 expositis
616 1375 951 1416 adulescentium
990 1375 1160 1429 officiis,
1199 1390 1306 1430 quae
1338 1376 1511 1417 valeant

175 1435 227 1476 ad
261 1435 445 1490 gloriam
479 1434 813 1490 adipiscendam,
846 1434 1043 1489 deinceps
1076 1435 1126 1476 de
1152 1435 1432 1476 beneficentia
1463 1448 1511 1476 ao

175 1494 225 1535 de
258 1494 521 1535 liberalitate
560 1494 782 1535 dicendum
820 1496 903 1546 est3
940 1494 1057 1534 cuius
1097 1497 1163 1535 est
1193 1494 1305 1535 ratio
1338 1494 1511 1548 duplex3

174 1567 273 1594 nam
314 1555 388 1594 aut
426 1567 556 1608 opera
587 1553 771 1608 benigne
808 1552 858 1593 fit
889 1552 1181 1607 indigentibus
1215 1555 1289 1594 aut
1320 1553 1510 1607 pecunia.
1530 1563 1563 1589 25

174 1611 360 1654 Facilior
400 1615 465 1653 est
496 1612 601 1654 haec
632 1611 857 1666 posterior,
889 1611 1092 1666 locupleti
1124 1612 1397 1666 praesertim,
1437 1611 1511 1653 sed

174 1671 252 1712 illa
278 1671 438 1713 lautior
457 1686 506 1713 ac
527 1671 789 1726 splendidior
810 1673 853 1712 et
872 1670 964 1711 viro
984 1670 1088 1712 forti
1109 1671 1309 1725 claroque
1330 1670 1511 1726 dignior.

175 1729 444 1784 Quamquam
472 1731 584 1771 enim
609 1730 653 1771 in
678 1733 859 1784 utroque
884 1729 997 1770 inest
1023 1730 1290 1785 gratificandi
1318 1730 1510 1772 liberalis

175 1789 394 1842 voluntas,
426 1791 573 1830 tamen
605 1789 742 1830 altera
774 1803 824 1830 ex
856 1803 974 1842 arca,
1007 1789 1145 1830 altera
1177 1804 1226 1830 ex
1252 1789 1412 1830 virtute
1445 1789 1511 1830 de-

175 1848 400 1902 promitur,
426 1848 704 1903 largitioque,
731 1861 839 1902 quae
864 1847 914 1888 fit
940 1861 990 1888 ex
1022 1862 1068 1889 re
1093 1848 1315 1902 familiari,
1345 1847 1510 1889 fontem
1530 1859 1566 1884 30

174 1907 316 1960 ipsum
347 1907 628 1962 benignitatis
661 1906 869 1948 exhaurit.
917 1905 986 1947 Ita
1017 1907 1284 1962 benignitate
1316 1906 1511 1962 benigni-

174 1968 242 2006 tas
274 1966 463 2020 tollitur3
496 1981 580 2020 qua
612 1980 694 2020 quo
727 1966 771 2006 in
802 1965 947 2020 plures
978 1980 1080 2007 usus
1107 1966 1182 2020 sis,
1214 1980 1263 2007 eo
1295 1965 1435 2006 minus
1466 1966 1512 2007 in

104 2034 148 2064 53
176 2024 335 2065 multos
361 2025 426 2065 uti
451 2025 604 2079 possis.
653 2024 713 2065 At
739 2024 812 2078 qui
838 2038 983 2078 opera,
1012 2024 1054 2065 id
1087 2027 1152 2066 est
1182 2024 1342 2066 virtute
1374 2027 1417 2066 et
1447 2024 1512 2065 in-

176 2083 358 2136 dustria,
384 2083 562 2125 benefici
587 2086 630 2124 et
655 2083 856 2124 liberales
882 2086 1023 2137 erunt,
1048 2084 1251 2138 primum,
1273 2097 1355 2137 quo
1382 2083 1511 2138 pluri-

174 2142 255 2184 bus
287 2142 545 2196 profuerint,
586 2157 634 2184 eo
672 2142 818 2197 plures
862 2141 914 2183 ad
952 2142 1135 2198 benigne
1165 2142 1406 2184 faciendum
1439 2142 1511 2184 ad-
1531 2153 1565 2178 35

175 2203 336 2242 sutores
368 2201 607 2254 habebunt,
640 2201 738 2242 dein
768 2201 1073 2242 consuetudine
1104 2201 1409 2243 beneficentiae
1440 2216 1512 2256 pa-

172 2259 358 2301 ratiores
391 2262 516 2301 erunt
553 2262 596 2300 et
632 2262 856 2314 tamquam
888 2260 1206 2302 exercitatiores
1239 2260 1292 2302 ad
1323 2261 1430 2301 bene
1462 2260 1512 2302 de
