1663 2490
386 45 474 82 ΜΒ.
501 45 528 82 Ῑ.
581 45 680 80 CAP.
708 50 859 82 40-42.
910 50 928 88 ς
961 50 1152 82 145—151.
1387 47 1439 87 51

99 154 194 196 duci
227 156 410 208 oportet,
442 157 502 207 ut,
534 154 570 195 si
603 154 704 208 quid
734 152 932 196 Socrates
964 156 1039 195 aut
1066 154 1316 208 Aristippus
1348 169 1443 196 con-

99 217 168 254 tra
201 226 362 254 morem
395 213 830 266 consuetudinemque
857 212 1025 254 civilem
1051 212 1231 254 fecerint
1257 213 1443 254 locutive

52 270 55 271 ⁷
100 271 198 324 sint,
230 271 341 312 idem
374 271 457 313 sibi
491 271 725 313 arbitretur
752 272 896 324 licere3
928 271 1098 326 magnis
1125 271 1191 312 illi
1219 274 1262 312 et
1289 271 1442 313 divinis

98 330 223 372 bonis
256 330 365 372 hanc
398 330 616 371 licentiam
650 331 1000 385 assequebantur.
1051 328 1309 384 Cynicorum
1341 345 1442 372 vero

64 402 78 427 ⁵
99 389 209 430 ratio
242 391 337 431 tota
369 392 434 430 est
466 389 672 442 eicienda3
698 392 771 430 est
803 389 916 430 enim
948 389 1121 430 inimica
1152 389 1442 441 verecundiae,

99 448 189 489 sine
228 462 312 502 qua
347 447 456 489 nihil
498 451 663 489 rectum
708 462 799 489 esse
843 450 1005 503 potest,
1048 447 1156 488 nihil
1201 447 1442 489 honestum.

97 505 185 548 Eos
219 510 374 560 autem,
407 521 590 561 quorum
622 507 713 548 vita
746 510 970 562 perspecta
1002 507 1046 547 in
1076 507 1203 548 rebus
1230 506 1424 548 honestis
1449 520 1511 550 149

99 568 227 620 atque
266 565 434 621 magnis
474 568 557 619 est,
594 565 701 606 bene
740 565 790 606 de
827 580 872 606 re
911 566 1085 620 publica
1123 565 1355 607 sentientes
1395 581 1443 608 ac

98 625 205 665 bene
244 625 421 665 meritos
461 628 536 665 aut
574 627 785 665 merentes
825 624 884 666 sic
916 627 964 665 ut
997 624 1141 678 aliquo
1173 624 1336 666 honore
1369 627 1444 666 aut

47 695 79 720 ιο
98 682 279 738 imperio
307 683 483 724 affectos
511 683 739 725 observare
766 685 808 724 et
841 684 979 725 colere
1007 683 1221 749 debemus,
1252 684 1442 725 tribuere

98 742 230 783 etiam
262 743 447 783 multum
480 742 707 795 senectuti,
746 742 892 784 cedere
923 742 998 796 iis,
1030 742 1103 796 qui
1136 742 1442 808 magistratum

98 801 340 855 habebunt,
371 801 530 842 habere
562 800 764 842 dilectum
797 801 902 844 civis
935 803 978 842 et
1008 801 1225 857 peregrini
1256 801 1301 842 in
1332 801 1443 857 ipso-

99 874 179 914 que
224 835 473 916 peregrino,
516 853 775 914 privatimne
820 874 874 901 an
916 860 1086 915 publice
1131 861 1306 901 venerit
1376 860 1443 902 Ad

99 933 324 972 summam,
355 933 408 960 ne
441 932 568 974 agam
601 918 651 960 de
684 918 879 974 singulis,
912 933 1179 960 communem
1212 919 1347 960 totius
1375 933 1443 975 ge-

0 996 1 1010 *
47 989 78 1014 15
98 978 212 1019 neris
233 977 455 1019 hominum
476 977 820 1031 conciliationem
842 980 885 1018 et
911 977 1271 1040 consociationem
1294 978 1443 1033 colere,

98 1037 226 1090 tueri,
259 1050 429 1077 servare
462 1036 675 1077 debemus.

185 1094 279 1137 Iam
317 1095 367 1136 de
401 1095 593 1137 artificiis
628 1098 670 1136 et
703 1095 974 1149 quaestibus,
1014 1096 1085 1150 qui
1120 1096 1320 1137 liberales
1353 1096 1425 1138 ha-

47 1198 52 1204 ,
99 1154 237 1207 bendi,
270 1154 342 1208 qui
370 1153 529 1196 sordidi
562 1154 660 1207 sint,
692 1154 796 1196 haec
827 1154 916 1196 fere
949 1154 1200 1209 accepimus.
1251 1154 1443 1198 Primum

98 1213 398 1268 improbantur
429 1213 460 1254 ii
492 1215 710 1267 quaestus,
743 1213 815 1267 qui
847 1213 891 1254 in
923 1213 1021 1255 odia
1052 1213 1275 1255 hominum
1307 1214 1444 1257 incur-

45 1283 78 1309 20
97 1275 209 1326 runt,
229 1275 277 1313 ut
296 1272 570 1327 portitorum,
590 1274 638 1314 ut
658 1271 988 1314 faeneratorum.
1023 1272 1277 1314 Inliberales
1299 1276 1443 1315 autem

98 1335 142 1373 et
174 1331 335 1373 sordidi
367 1334 570 1385 quaestus
604 1332 994 1373 mercennariorum
1024 1332 1227 1385 omnium,
1262 1347 1443 1387 quorum

99 1404 266 1445 operae,
297 1405 382 1432 non
416 1404 597 1444 quorum
630 1393 745 1432 artes
778 1393 995 1443 emuntur3
1037 1394 1102 1432 est
1133 1391 1246 1432 enim
1278 1392 1323 1433 in
1354 1392 1461 1433 illis,

97 1450 192 1504 ipsa
223 1463 383 1491 merces
417 1452 787 1498 auctoramentum
820 1450 1054 1491 servitutis.
1111 1447 1279 1491 Sordidi
1312 1451 1443 1492 etiam

98 1508 294 1563 putandi,
333 1508 405 1562 qui
437 1511 682 1550 mercantur
714 1524 739 1550 a
771 1509 1099 1562 mercatoribus,
1138 1509 1251 1564 quod
1294 1510 1442 1551 statim

46 1578 78 1604 25
99 1567 303 1620 vendant3
347 1567 455 1608 nihil
501 1567 611 1608 enim
651 1568 896 1622 proficiant,
939 1568 1022 1609 nisi
1061 1568 1289 1610 admodum
1330 1583 1443 1610 men-

97 1626 279 1680 tiantur3
311 1640 388 1667 nec
420 1640 520 1668 vero
550 1629 616 1667 est
642 1626 868 1681 quicquam
895 1627 1063 1681 turpius
1090 1627 1294 1669 vanitate.
1345 1627 1443 1683 Opi-

99 1685 280 1739 ficesque
320 1699 467 1726 omnes
506 1685 549 1726 in
589 1685 761 1727 sordida
799 1689 891 1727 arte
929 1689 1174 1739 versantur3
1214 1701 1291 1728 nec
1330 1687 1442 1728 enim

37 1756 42 1759 ·
99 1745 326 1798 quicquam
346 1743 580 1799 ingenuum
606 1744 763 1786 habere
792 1748 936 1800 potest
956 1744 1138 1787 officina.
1182 1745 1443 1800 Minimeque

99 1806 214 1844 artes
248 1818 321 1844 eae
354 1803 739 1859 probandae,quae
765 1804 986 1845 ministrae
1020 1806 1120 1845 sunt
1151 1804 1442 1859 voluptatum:

47 1871 79 1897 ³0
159 1861 372 1914 Cetarii,
405 1861 551 1915 lanii,
584 1863 750 1916 coqui,
781 1863 1025 1916 fartoreS,
1056 1863 1365 1918 piscatores,

97 1924 146 1963 ut
184 1921 246 1962 ait
283 1921 526 1974 Terentius3
568 1920 674 1962 adde
712 1920 812 1975 huc,
850 1922 885 1963 si
923 1922 1084 1976 placet,
1120 1923 1442 1978 unguentarios,

99 1980 328 2022 saltatores
367 1983 592 2035 totumque
627 1980 1022 2033 ludumssalarium.
1085 1979 1248 2029 Quibus
1281 1984 1425 2023 autem
1448 1993 1508 2024 151

99 2039 264 2081 artibus
305 2041 378 2081 aut
415 2039 643 2094 prudentia
680 2041 817 2082 maior
848 2041 960 2081 inest
993 2042 1068 2081 aut
1097 2053 1184 2081 non
1217 2041 1442 2083 mediocris

98 2098 265 2140 utilitas
310 2098 547 2153 quaeritur,
590 2101 638 2139 ut
682 2099 909 2153 medicina,
953 2101 1001 2140 ut
1045 2098 1351 2154 architectura,
1395 2103 1442 2143 ut

46 2166 78 2192 ³⁵
99 2156 292 2199 doctrina
324 2171 466 2199 rerum
498 2157 791 2210 honestarum,
823 2172 896 2200 eae
929 2160 1029 2199 sunt
1060 2157 1131 2212 iis,
1164 2172 1344 2213 quorum
1377 2174 1440 2201 or-

99 2215 186 2257 dini
213 2216 482 2268 conveniunt,
514 2216 732 2259 honestae.
783 2217 1024 2259 Mercatura
1050 2219 1206 2271 autem,
1238 2218 1275 2259 si
1300 2218 1440 2259 tenuis

98 2277 176 2328 est,
208 2275 378 2317 sordida
404 2275 595 2330 putanda
627 2279 710 2329 est3
743 2277 809 2317 sin
835 2291 993 2332 magna
1019 2278 1062 2318 et
1087 2276 1273 2331 copiosa,
1305 2278 1439 2319 multa

1179 2345 1228 2379 4*

1457 1077 1513 1118 42

1448 1129 1514 1161 150
