1663 2490
384 51 474 86 LIB.
501 52 546 88 ΙΙ.
593 51 692 87 CAP.
722 56 870 88 14—16.
915 56 934 95 ἓ
961 56 1111 88 51—55.
1366 54 1421 96 75

80 160 228 203 multis
269 160 610 215 promerendum.
678 159 903 201 Praeclare
938 159 984 201 in
1016 160 1203 215 epistula
1234 161 1420 215 quadam

80 218 372 261 Alexandrum
405 219 541 259 filium
567 218 792 274 Philippus
820 221 1009 273 accusat,
1041 219 1153 273 quod
1186 220 1419 275 largitione

42 282 45 284 ’
78 278 414 320 benivolentiam
435 277 715 319 Macedonum
734 281 1020 320 consectetur:
1047 277 1202 326 ‘Quae
1224 281 1291 332 te,
1317 294 1419 321 ma-

79 336 222 379 luml'
253 336 416 391 inquit,
447 336 604 377 ‘ratio
643 336 693 377 in
736 337 892 378 istam
930 351 1068 391 spem
1107 337 1327 392 induxit,
1364 340 1419 379 ut

41 405 61 432 ⁵
80 410 163 437 eos
213 395 311 436 tibi
359 395 543 437 fideles
588 398 799 450 putares
842 395 975 448 fore,
1026 410 1150 450 quos
1200 397 1420 451 pecunia

80 454 437 509 corrupisses?
490 454 565 494 An
597 456 652 494 tu
677 454 725 494 id
758 454 890 509 agis,
917 454 1289 496 utMacedones
1321 470 1419 497 non

79 516 128 555 te
159 527 329 568 regem
361 528 520 567 suum,
553 512 638 553 sed
670 512 962 555 ministrum
994 517 1043 555 et
1069 514 1418 568 praebitorem

79 574 286 627 sperent
326 571 484 613 fore?'
554 570 667 612 Bene
706 571 972 614 ‘ministrum
1011 575 1055 614 et
1091 572 1418 628 praebitorem',

80 631 181 685 quia
213 630 431 672 sordidum
471 631 582 685 regi,
621 631 773 671 melius
807 631 956 684 etiam,
995 632 1109 685 quod
1140 632 1419 687 largitionem

23 701 60 726 ,ιο
79 689 400 745 ‘corruptelam’
433 689 540 731 dixit
567 704 676 743 esse3
708 689 758 730 fit
783 690 896 731 enim
923 690 1119 744 deterior,
1152 691 1225 744 qui
1251 691 1419 746 accipit,

79 751 207 803 atque
245 749 298 790 ad
334 749 447 790 idem
485 763 653 804 semper
691 749 1022 803 exspectandum
1062 750 1264 804 paratior.
1325 749 1419 792 Hoc

25 813 28 817 '
77 808 152 849 ille
188 808 298 860 filio,
336 808 410 849 sed
449 810 726 862 praeceptum
764 810 964 862 putemus
1003 809 1214 850 omnibus.
1282 807 1420 857 Quam

79 867 134 909 ob
161 881 250 908 rem
271 867 314 908 id
341 866 511 921 quidem
537 881 624 908 non
643 866 818 907 dubium
839 870 922 919 est,
943 867 1044 921 quin
1065 867 1142 908 illa
1161 867 1420 923 benignitaS,

81 941 189 981 quae
221 928 390 967 constet
428 940 478 966 ex
516 940 647 980 opera
685 928 727 966 et
763 925 995 978 industria,
1034 929 1077 966 et
1107 925 1333 968 honestior
1363 927 1421 968 sit

23 995 62 1022 25
81 988 124 1026 et
151 985 281 1026 latius
308 987 456 1039 pateat
482 987 524 1025 et
549 984 689 1039 possit
713 984 916 1038 prodesse
941 985 1156 1039 pluribus3
1185 999 1273 1026 non
1297 1000 1421 1027 num-

80 1058 209 1098 quam
229 1046 375 1085 tamen
395 1046 460 1084 est
482 1043 764 1098 largiendum,
783 1057 859 1084 nec
880 1042 961 1084 hoc
980 1043 1263 1098 benignitatis
1285 1059 1420 1100 genus

79 1103 253 1145 omnino
274 1102 580 1157 repudiandum
601 1105 667 1142 est
687 1104 730 1142 et
750 1116 876 1156 saepe
896 1102 1059 1143 idoneis
1086 1103 1332 1145 hominibus
1358 1104 1418 1145 in⁴

79 1162 325 1216 digentibus
368 1161 418 1202 de
455 1175 500 1202 re
531 1160 736 1202 familiari
768 1161 1102 1215 inpertiendum,
1135 1161 1209 1203 sed
1241 1162 1421 1218 diligen-

79 1224 146 1262 ter
172 1223 301 1275 atque
328 1220 566 1274 moderate3
600 1219 727 1261 multi
754 1219 866 1261 enim
893 1220 1156 1274 patrimonia
1181 1221 1422 1262 effuderunt

44 1279 322 1321 oinconsulte
354 1278 590 1334 largiendo.
653 1277 763 1326 Quid
794 1281 938 1320 autem
971 1282 1038 1320 est
1069 1280 1246 1321 stultius
1280 1295 1420 1334 quam,

81 1338 193 1393 quod
225 1339 409 1379 libenter
440 1337 591 1391 facias,
623 1352 795 1391 curare,
827 1341 875 1379 ut
906 1338 949 1379 id
982 1338 1142 1380 diutius
1169 1338 1308 1381 facere
1333 1354 1421 1381 non

79 1397 250 1453 possis?
312 1397 456 1451 Atque
489 1397 619 1438 etiam
658 1399 895 1450 sequuntur
926 1398 1203 1453 largitionem
1229 1398 1422 1453 rapinae3

80 1471 177 1499 cum
203 1456 316 1497 enim
342 1455 480 1497 dando
507 1470 632 1511 egere
657 1459 909 1510 coeperunt,
942 1457 1093 1498 alienis
1118 1457 1243 1498 bonis
1269 1471 1422 1499 manus

81 1515 232 1557 afferre
257 1518 480 1570 coguntur.
530 1514 614 1566 lta,
641 1529 737 1556 cum
761 1515 1078 1557 benivolentiae
1110 1516 1422 1571 comparandae

46 1585 62 1611 ⁵
82 1589 213 1616 causa
243 1574 421 1616 benefici
454 1588 546 1615 esse
571 1573 725 1627 velint,
755 1588 841 1615 non
867 1577 991 1616 tanta
1023 1574 1166 1617 studia
1191 1589 1422 1630 assequun-

80 1636 152 1675 tur
184 1648 349 1687 eorum,
382 1633 537 1687 quibus
564 1632 787 1687 dederunt,
820 1636 981 1687 quanta
1007 1634 1105 1675 odia
1131 1648 1300 1688 eorum,
1333 1634 1422 1689 qui-

80 1693 161 1734 bus
194 1692 455 1734 ademerunt.
517 1690 655 1740 Quam
687 1692 742 1732 ob
774 1706 863 1733 rem
894 1707 970 1734 nec
996 1693 1059 1734 ita
1091 1693 1327 1735 claudenda
1352 1707 1420 1734 res

82 1754 148 1793 est
178 1750 424 1805 familiaris,
461 1754 510 1792 ut
547 1765 641 1792 eam
674 1750 920 1807 benignitas
954 1752 1120 1806 aperire
1150 1766 1237 1793 non
1267 1752 1420 1807 possit,

80 1824 158 1853 nec
183 1810 246 1852 ita
271 1810 516 1862 reseranda,
547 1812 596 1851 ut
622 1812 770 1863 pateat
795 1811 1012 1864 omnibus,
1044 1810 1195 1857 modus
1222 1811 1422 1853 adhibea-

0 1891 3 1915 μ
48 1872 165 1922 otur,
196 1869 318 1924 isque
349 1869 561 1911 referatur
594 1869 646 1909 ad
671 1868 913 1910 facultates.
964 1869 1147 1911 Omnino
1175 1870 1421 1912 meminisse

83 1928 302 1982 debemus,
328 1928 371 1970 id
391 1928 505 1983 quod
524 1943 549 1969 a
567 1927 729 1969 nostris
749 1928 995 1970 hominibus
1022 1929 1274 1983 saepissime
1299 1944 1422 1971 usur-

81 1990 232 2043 patum
264 1987 350 2029 iam
375 1987 420 2028 in
451 1986 668 2042 proverbii
694 1987 1044 2029 consuetudinem
1075 1988 1210 2042 venit,
1237 1987 1420 2044 ‘largi-

81 2046 276 2088 tionem
306 2046 520 2087 fundum
556 2060 656 2087 non
693 2046 925 2100 habere'3
957 2046 1115 2088 etenim
1148 2047 1243 2101 quis
1275 2049 1422 2102 potest

83 2105 233 2147 modus
275 2119 384 2158 esse,
422 2120 518 2147 cum
556 2108 599 2146 et
635 2104 766 2159 idem,
808 2105 880 2159 qui
912 2108 1190 2160 consuerunt,
1234 2109 1277 2147 et
1308 2106 1421 2148 idem

84 2236 249 2278 gorum,
275 2238 457 2277 quorum
483 2223 610 2265 alteri
635 2223 818 2279 prodigi,
845 2223 972 2265 alteri
997 2223 1212 2277 liberales,
1237 2223 1421 2279 prodigi,

84 2281 157 2335 qui
188 2282 326 2337 epulis
367 2284 411 2323 et
441 2282 797 2325 viscerationibus
836 2285 878 2324 et
916 2282 1207 2337 gladiatorum
1240 2282 1422 2324 muneri-

1445 759 1488 791 54

1447 1703 1490 1735 55

50 2163 191 2205 5illud
229 2164 304 2206 alii
341 2164 610 2206 desiderent?
674 2164 856 2206 Omnino
896 2164 978 2206 duo
1017 2167 1117 2206 sunt
1149 2179 1308 2220 genera
1339 2165 1491 2206 lar-16
