1663 2490
418 23 507 58 LIB.
534 24 562 59 Ι.
599 23 699 59 CAP.
728 27 875 59 13-15.
914 28 933 66 §
959 27 1107 59 40-46.
1379 24 1430 66 17

98 145 363 186 quacumque
388 131 566 172 ratione.
603 129 652 172 Id
685 133 827 173 autem
852 133 1021 173 tantum
1049 131 1172 172 abest
1198 131 1252 173 ab
1279 130 1432 186 officio,

98 192 145 231 ut
174 188 282 230 nihil
315 189 454 245 magis
486 188 626 231 officio
658 189 797 244 possit
828 204 920 231 esse
954 190 1228 231 contrarium.
1277 188 1431 231 Viden-

97 248 196 290 dum
228 249 294 289 est
325 247 472 304 igitur,
501 250 550 289 ut
581 263 630 306 ea
662 247 922 290 liberalitate
947 250 1129 302 utamur,
1162 262 1270 302 quae
1293 248 1432 303 prosit

97 305 264 360 amicis,
301 309 454 348 noceat
484 303 655 348 nemini.
717 306 855 356 Quare
886 306 932 349 L.
964 304 1126 360 Sullae,
1158 306 1203 348 O.
1236 305 1432 348 Caesaris

0 381 1 384 ¹
61 376 77 401 ⁵
97 365 370 420 pecuniarum
401 365 631 407 translatio
664 380 690 407 a
717 365 842 407 iustis
869 365 1051 407 dominis
1079 365 1132 407 ad
1158 365 1320 407 alienos
1345 380 1433 407 non

97 424 222 466 debet
259 423 449 465 liberalis
486 423 637 477 videri3
680 424 789 465 nihil
828 427 895 466 est
931 423 1044 465 enim
1081 424 1278 478 liberale,
1320 424 1432 479 quod

96 497 182 524 non
214 481 326 524 idem
356 482 529 524 iustum.
591 483 716 524 Alter
748 483 865 525 locus
899 485 990 524 erat
1020 482 1249 536 cautionis,
1279 497 1331 524 ne
1363 483 1431 524 be·
1458 494 1501 524 44

96 540 286 597 nignitas
315 541 452 583 maior
482 544 596 583 esset
626 556 754 596 quam
784 541 1026 595 facultates,
1058 541 1182 596 quod,
1214 542 1286 596 qui
1317 541 1432 583 beni-

98 599 267 655 gniores
299 600 452 642 volunt
483 614 587 654 esse,
623 615 751 654 quam
782 615 849 642 res
881 600 1058 655 patitur,
1088 600 1276 656 primum
1306 599 1351 641 in
1383 614 1432 642 eo

46 670 76 694 ιο
96 661 290 712 peccant,
329 659 442 713 quod
472 658 669 700 iniuriosi
701 661 801 700 sunt
831 658 876 699 in
906 659 1144 714 proximos;
1183 673 1287 713 quas
1320 658 1432 700 enim

96 717 240 772 copias
271 717 338 758 his
372 720 415 759 et
446 717 711 773 suppeditari
742 717 917 772 aequius
950 720 1016 759 est
1048 721 1091 759 et
1121 717 1323 772 relinqui,
1361 732 1432 759 eas

95 775 364 817 transferunt
384 776 437 818 ad
459 776 634 819 alienos.
682 775 801 818 Inest
826 779 970 818 autem
995 776 1039 817 in
1065 776 1145 818 tali
1170 776 1432 818 liberalitate

96 834 306 890 cupiditas
332 835 583 890 plerumque
608 835 801 890 rapiendi
827 838 870 876 et
889 835 1106 877 auferendi
1126 849 1201 890 per
1220 835 1433 889 iniuriam,

96 896 144 935 ut
169 893 222 934 ad
247 893 516 954 largiendum
543 896 776 948 suppetant
800 893 958 948 copiae.
1002 893 1158 935 Videre
1182 894 1312 935 etiam
1332 894 1433 936 licet

46 962 77 988 15
96 952 322 1006 plerosque
341 966 430 994 non
445 954 536 994 tam
556 955 712 994 natura
728 952 929 993 liberales
945 967 1073 1006 quam
1089 952 1273 1006 quadam
1294 953 1433 1008 gloria

96 1010 258 1064 ductos,
289 1013 338 1052 ut
368 1011 546 1053 benefici
577 1010 982 1065 videantu1,facere
1014 1011 1164 1065 multa,
1199 1025 1307 1065 quae
1338 1025 1432 1066 pr-o

95 1068 226 1111 ficisci
251 1068 305 1110 ab
330 1070 618 1111 ostentatione
643 1070 782 1125 magis
810 1084 937 1124 quam
964 1084 989 1111 a
1014 1070 1239 1111 voluntate
1264 1069 1433 1111 videan-

94 1130 177 1169 tur.
238 1127 356 1170 Talis
395 1131 538 1170 autem
576 1128 794 1170 simulatio
835 1128 1019 1170 vanitati
1056 1131 1123 1170 est
1167 1127 1433 1170 coniunctior

96 1200 224 1240 quam
256 1189 331 1228 aut
361 1186 615 1229 liberalitati
646 1189 722 1229 aut
745 1186 973 1228 honestati.
1024 1185 1217 1228 Tertium
1244 1190 1309 1228 est
1336 1201 1431 1242 pro·
1458 1198 1502 1229 45

44 1255 78 1296 29
96 1245 304 1300 positum,
340 1248 390 1287 ut
425 1246 470 1287 in
507 1246 787 1288 beneficentia
824 1245 1003 1287 dilectus
1043 1248 1156 1287 esset
1188 1246 1432 1301 dignitatis3

95 1304 140 1344 in
171 1318 255 1358 quo
287 1306 330 1345 et
361 1319 501 1346 mores
534 1304 624 1346 eius
656 1307 781 1346 erunt
812 1304 1044 1359 spectandi,
1074 1305 1120 1346 in
1153 1319 1279 1359 quem
1311 1305 1433 1346 bene-

96 1361 238 1404 ficium
264 1362 517 1417 conferetur,
537 1366 580 1405 et
605 1363 772 1405 animus
793 1377 895 1418 erga
914 1377 991 1405 nos
1019 1365 1061 1404 et
1081 1364 1365 1405 communitas
1386 1378 1433 1405 ac

96 1421 280 1463 societas
312 1422 426 1464 vitae
452 1426 496 1464 et
526 1422 579 1464 ad
604 1426 777 1464 nostras
804 1422 1017 1464 utilitates
1044 1421 1186 1464 officia
1212 1425 1312 1464 ante
1339 1437 1434 1464 con-

96 1480 204 1534 lata3
228 1495 335 1535 quae
355 1484 403 1522 ut
431 1484 686 1523 concurrant
713 1481 873 1533 omnia,
895 1480 1086 1535 optabile
1106 1483 1192 1534 est3
1225 1481 1261 1522 si
1280 1481 1433 1535 minus,

44 1548 77 1575 25
95 1539 240 1595 plures
273 1554 425 1581 causae
457 1540 723 1594 maioresque
755 1514 954 1595 pontl’eris
986 1540 1083 1594 plus
1114 1539 1347 1582 habebunt.

185 1597 395 1646 Quoniam
427 1601 571 1640 autem
601 1599 761 1640 vivitur
790 1612 878 1640 non
905 1613 1000 1640 cum
1025 1598 1226 1664 perfectis
1251 1584 1502 1667 homini-145

96 1656 175 1698 bus
201 1657 411 1712 planeque
439 1657 715 1723 sapientibus,
747 1657 820 1698 sed
844 1671 940 1699 cum
965 1657 1030 1710 iis,
1061 1657 1107 1698 in
1133 1657 1287 1711 quibus
1312 1672 1431 1712 prae-

96 1715 210 1757 clare
242 1716 385 1772 agitur
417 1717 453 1757 si
485 1719 586 1758 sunt
618 1716 846 1758 simulacra
876 1690 1068 1770 virtutis,
1100 1716 1231 1757 etiam
1262 1716 1343 1758 hoc
1373 1716 1434 1758 in-

96 1774 387 1830 tellegendum
412 1777 531 1830 puto,
556 1775 770 1816 neminem
795 1774 969 1816 omnino
997 1779 1088 1816 esse
1107 1775 1434 1830 neglegendum,

44 1844 76 1870 ³0
96 1833 140 1874 in
171 1848 254 1887 quo
287 1833 432 1888 aliqua
464 1833 721 1889 significatio
753 1833 927 1875 virtutis
960 1836 1178 1889 appareat,
1210 1834 1433 1876 colendum

97 1894 240 1933 autem
271 1906 364 1934 esse
395 1892 458 1934 ita
490 1907 698 1947 quemque
730 1892 925 1945 maxime,
960 1895 1009 1933 ut
1040 1891 1218 1947 quisque
1250 1893 1433 1934 maxime

96 1950 328 1993 virtutibus
359 1951 427 1993 his
460 1951 695 1993 lenioribus
728 1951 810 1992 erit
841 1953 1036 2005 ornatus,
1070 1951 1299 2006 modestia,
1329 1954 1434 1993 tem-

96 2010 308 2064 perantia,
351 2009 432 2052 hac
474 2010 586 2065 ipsa,
633 2010 684 2052 de
728 2024 811 2064 qua
854 2009 992 2051 multa
1033 2009 1120 2051 iam
1164 2009 1278 2052 dicta
1322 2013 1433 2065 sunt,

95 2068 273 2110 iustitia.
334 2068 448 2110 Nam
482 2069 610 2111 fortis
654 2069 820 2111 animus
865 2070 908 2110 et
950 2081 1134 2124 magnus
1173 2068 1218 2110 in
1260 2069 1433 2111 homine

46 2137 77 2163 55
95 2141 181 2168 non
217 2127 406 2182 perfecto
443 2142 520 2170 nec
564 2128 755 2183 sapiente
796 2127 1030 2169 ferventior
1067 2127 1318 2182 plerumque
1356 2131 1434 2182 est,

95 2185 197 2227 illae
227 2186 410 2228 virtutes
442 2186 603 2229 bonum
634 2187 773 2229 virum
804 2185 1001 2229 videntur
1032 2185 1178 2241 potius
1206 2187 1431 2242 attingere.

96 2244 238 2298 Atque
268 2245 373 2287 haec
404 2246 450 2286 in
480 2246 683 2288 moribus.

167 2319 238 2345 010.
256 2320 309 2345 1v.
337 2321 354 2345 3
1106 2339 1109 2341 -
1197 2317 1218 2348 2
