1673 2505
183 613 205 650 1

182 662 198 691 1

183 1398 203 1427 Ν)

189 2103 208 2133 ΕΟ

227 106 314 146 418
482 105 533 140 IN
560 105 596 140 C.
625 105 895 140 SALUSTIUM
922 105 1303 143 CONTROVERSIA.

586 294 658 346 [M.
685 293 856 335 TULLI
883 292 1203 347 CICERONIS]

872 372 924 407 IN

516 447 564 494 C.
604 446 959 494 SALUSTIUM
998 447 1267 494 CRISPUM

703 535 1082 572 CONTROVERSIA.

315 620 379 661 Ea
400 620 568 661 demum
589 634 747 675 magna
766 621 966 675 voluptas
988 624 1064 675 est,
1086 620 1130 663 C.
1145 619 1319 677 Salusti,
1340 624 1561 677 aequalem
1597 637 1613 663 5

229 694 276 721 ac
314 693 461 734 parem
498 679 641 720 verbis
679 679 810 720 vitam
859 693 984 734 agere
1027 695 1164 734 neque
1208 681 1434 735 quicquam
1471 685 1560 723 tam

229 739 457 780 obscenum
497 738 651 792 dicere,
696 738 762 779 cui
805 752 890 779 non
935 738 988 779 ab
1031 739 1154 780 initio
1192 739 1402 794 pueritiae
1446 741 1562 782 omni

229 811 382 852 genere
413 796 615 838 facinoris
643 799 760 838 aetas
787 799 862 837 tua
887 798 1155 851 respondeat,
1185 800 1234 838 ut
1259 799 1397 840 omnis
1423 799 1561 841 oratio

228 856 420 897 moribus
452 858 668 897 consonet.
729 854 878 909 Neque
912 856 1042 910 enim,
1074 856 1147 910 qui
1176 856 1239 897 ita
1269 857 1393 911 vivit,
1424 861 1472 899 ut
1503 861 1562 912 tu,

229 915 355 956 aliter
387 928 435 955 ac
466 916 514 955 tu
545 914 663 968 loqui
693 916 855 968 potest,
891 929 1044 969 neque,
1086 915 1158 969 qui
1189 917 1280 956 tam
1310 916 1446 958 inloto
1480 931 1563 958 ser·
1584 930 1617 955 10

229 988 352 1015 mone
378 973 526 1026 utitur,
556 973 648 1014 vita
672 973 917 1014 honestiore
944 976 1019 1014 est.
1071 972 1161 1022 Quo
1188 989 1255 1015 me
1281 978 1564 1030 praevertam,

228 1035 373 1087 patres
406 1032 648 1086 conscripti,
680 1032 789 1073 unde
821 1031 992 1072 initium
1024 1033 1219 1074 sumam?
1279 1032 1418 1074 Maius
1451 1034 1562 1075 enim

229 1091 335 1132 mihi
367 1090 532 1132 dicendi
564 1105 668 1132 onus
700 1090 953 1145 imponitur,
992 1105 1074 1145 quo
1113 1091 1257 1132 notior
1289 1094 1354 1133 est
1385 1095 1563 1147 uterque

228 1152 436 1202 nostrum,
469 1150 582 1203 quod
608 1151 692 1202 aut,
724 1150 761 1190 si
786 1149 835 1190 de
861 1164 956 1190 mea
986 1150 1075 1191 vita
1107 1152 1235 1204 atque
1268 1151 1433 1192 actibus
1465 1152 1564 1193 huic

230 1208 507 1250 conviciatori
536 1208 813 1262 respondero,
850 1208 1011 1249 invidia
1049 1209 1232 1264 gloriam
1270 1213 1565 1264 consequetur,
1586 1223 1618 1248 15

230 1270 316 1321 aut,
348 1267 384 1308 si
414 1267 540 1308 huius
572 1266 698 1320 facta,
731 1281 882 1322 mores,
917 1264 1085 1308 omnem
1119 1270 1304 1308 aetatem
1335 1269 1564 1322 nudavero,

229 1327 273 1367 in
303 1326 416 1367 idem
441 1325 595 1367 vitium
620 1325 805 1367 incidam
830 1326 1118 1380 procacitatis,
1152 1326 1265 1379 quod
1289 1326 1388 1367 huic
1414 1327 1564 1368 obicio.

229 1385 279 1426 Id
310 1399 404 1438 vos,
443 1384 479 1425 si
508 1383 620 1425 forte
654 1384 932 1437 offendimini,
970 1385 1124 1425 iustius
1162 1385 1261 1425 huie
1299 1399 1426 1439 quam
1459 1385 1565 1426 mihi

231 1457 474 1485 suscensere
513 1443 693 1497 debetis,
732 1443 804 1496 qui
840 1443 1011 1483 initium
1043 1443 1298 1497 introduxit,
1337 1458 1416 1499 ego
1455 1444 1564 1485 dabo

231 1517 422 1557 operam,
459 1504 508 1543 ut
546 1504 588 1543 et
625 1516 702 1556 pro
741 1516 808 1542 me
847 1502 1023 1542 minimo
1062 1517 1156 1543 cum
1186 1502 1361 1543 fastidio
1394 1517 1564 1557 respon·
1585 1517 1619 1541 20

232 1562 353 1603 deam
386 1563 428 1602 et
458 1560 503 1601 in
536 1560 649 1601 hunc
681 1560 855 1601 minime
886 1560 1090 1601 mentitus
1123 1575 1215 1601 esse
1252 1561 1408 1603 videar.
1470 1560 1564 1603 Scio

231 1636 318 1674 me,
363 1621 509 1674 patres
554 1619 804 1673 conscripti,
853 1618 898 1660 in
940 1619 1234 1674 respondendo
1277 1634 1365 1661 non
1407 1619 1565 1661 habere

231 1693 433 1734 magnam
466 1678 821 1733 expectationem,
859 1678 972 1732 quod
1008 1679 1176 1719 nullum
1208 1693 1283 1720 vos
1316 1679 1461 1720 sciatis
1493 1694 1566 1720 no-

231 1753 331 1780 vum
363 1737 522 1779 crimen
550 1736 595 1778 in
621 1735 856 1778 Salustium
883 1737 1115 1790 audituros,
1147 1737 1221 1778 sed
1252 1737 1395 1778 omnia
1421 1740 1566 1779 vetera

231 1796 546 1852 recognituros,
585 1796 679 1850 quis
718 1798 760 1837 et
797 1809 915 1837 meae
954 1798 996 1836 et
1033 1798 1200 1837 vestrae
1237 1796 1323 1837 iam
1359 1798 1401 1837 et
1431 1797 1564 1851 ipsius
1586 1807 1620 1834 25

233 1870 356 1897 aures
389 1855 539 1896 calent.
582 1853 742 1895 Verum
775 1869 822 1895 eo
856 1855 994 1910 magis
1027 1855 1166 1896 odisse
1197 1854 1406 1896 debebitis
1431 1855 1566 1896 homi-

232 1930 348 1968 nem,
387 1914 460 1968 qui
490 1927 543 1954 ne
573 1913 780 1968 incipiens
814 1914 983 1968 quidem
1014 1928 1187 1968 peccare
1219 1913 1406 1954 minimis
1438 1914 1565 1954 rebus

234 1973 378 2029 posuit
404 1972 704 2025 rudimentum,
737 1972 810 2013 sed
834 1972 897 2013 ita
920 1973 1139 2027 ingressus
1169 1975 1245 2026 est,
1277 1974 1324 2013 ut
1349 1987 1485 2026 neque
1512 1973 1565 2013 ab

235 2032 320 2074 alio
352 2031 465 2073 vinci
496 2031 634 2085 possit
664 2045 800 2085 neque
832 2031 923 2085 ipse
956 2046 1000 2072 se
1033 2031 1204 2072 omnino
1227 2031 1401 2096 reliqua
1427 2033 1566 2072 aetate

235 2089 480 2146 praeterire.
543 2089 695 2155 Itaque
732 2089 840 2130 nihil
873 2090 988 2131 aliud
1020 2090 1163 2131 studet
1194 2089 1277 2130 nisi
1308 2093 1355 2130 ut
1388 2090 1567 2131 lutulen-
1587 2101 1622 2126 30

236 2153 307 2191 tus
337 2163 406 2191 sus
438 2163 533 2189 cum
566 2148 717 2214 quovis
743 2149 941 2190 volutari.
990 2148 1136 2204 Longe
1162 2163 1261 2190 vero
1288 2141 1456 2189 fallitur
1482 2149 1568 2203 opi-

235 2208 373 2250 nione.
447 2205 546 2248 Non
590 2207 702 2248 enim
745 2208 1005 2262 procacitate
1050 2207 1222 2263 linguae
1265 2207 1379 2248 vitae
1423 2208 1568 2248 sordes

238 2268 450 2318 eluuntur,
483 2266 556 2307 sed
582 2269 648 2307 est
674 2267 882 2320 quaedam
908 2266 1134 2320 calumnia,
1166 2281 1293 2320 quam
1319 2281 1427 2307 unus
1461 2266 1570 2321 quis-

240 2340 320 2380 que
351 2327 545 2367 nostrum
578 2327 765 2367 testante
798 2326 939 2367 animo
973 2339 1047 2367 suo
1079 2324 1164 2366 fert
1197 2325 1246 2366 de
1279 2340 1346 2379 eo,
1387 2325 1459 2380 qui
1494 2324 1572 2366 fal-

1645 1748 1649 1789 ἱ
