1673 2505
173 120 225 156 IN
245 119 522 155 CICERONEM
543 118 864 154 DECLAMATIO.
899 119 984 164 Cap.
1006 124 1108 155 2—4.
1137 125 1156 163 ἓ
1176 125 1278 156 2-7.
1328 123 1413 162 41ῒ

79 232 152 280 est,
188 242 278 270 cum
311 231 354 269 tu
377 228 617 281 perturbata
653 241 696 268 re
720 226 886 280 publica
917 230 1022 268 metu
1045 228 1250 280 perculsos
1281 242 1416 270 omnes

80 288 200 329 bonos
221 300 370 340 parere
399 286 628 328 crudelitati
658 289 750 326 tuae
773 286 943 340 eoqebas,
974 299 1063 327 cum
1088 287 1227 327 omnia
1251 287 1415 336 iudicia,

81 359 214 387 omnes
252 345 351 398 leqes
386 346 540 395 intua
576 345 742 385 libidine
780 348 912 394 erant,
949 358 1039 385 cum
1074 348 1117 385 tu
1146 345 1306 386 sublata
1337 345 1416 398 leqe

80 404 228 446 Porcia
264 407 397 457 erepta
434 403 611 445 libertate
646 404 828 444 omnium
864 407 1047 444 nostrum
1089 404 1194 444 vitae
1235 404 1416 456 necisque

44 475 61 500 5
75 465 307 516 potestatem
356 463 413 504 ad
462 465 497 503 te
543 475 671 503 unum
725 475 990 503 revocaveras.
1067 462 1203 514 Atque
1250 476 1415 515 parum,

79 521 186 574 quod
213 522 378 574 impune
406 520 549 572 fecisti,
579 534 716 561 verum
747 521 869 561 etiam
900 521 1245 562 commemorando
1276 534 1415 574 expro-

79 580 183 630 bras,
215 593 339 632 neque
370 580 459 620 licet
481 579 659 620 oblivisci
682 579 747 620 liis
773 579 979 621 servitutis
1003 593 1109 621 suae.
1159 580 1315 633 quris,
1347 593 1416 621 oro

80 642 131 689 te,
169 637 321 691 Cicero,
350 638 570 690 profeceris
606 637 818 690 quidlibet,·
854 639 955 679 satis
992 641 1049 679 est
1076 651 1284 691 perpessos
1315 651 1414 687 esse‚·

78 698 252 738 etiamne
281 709 401 737 aures
429 700 591 738 nostras
622 697 711 737 odio
743 700 809 738 tuo
841 697 1056 738 onerabis?
1094 698 1267 738 etiamne
1296 697 1415 738 mole-

27 767 60 792 10
79 755 270 797 stissimis
299 755 428 796 verbis
457 755 722 796 insectabere?

196 813 352 855 Cedant
380 827 500 854 arma
531 817 657 868 toqae,
689 814 874 855 concedat
904 814 1045 855 laurea
1078 815 1249 867 linquae.

81 872 210 924 Quasi
244 886 334 914 vero
372 875 528 925 toqatus
563 876 600 913 et
634 886 715 914 non
751 876 937 914 armatus
973 887 1037 926 ea,
1074 886 1176 925 quae
1208 873 1415 926 qloriaris,

77 931 308 984 confeceris,
351 934 469 983 atque
504 932 610 972 inter
646 934 681 972 te
716 931 954 984 Sullamque
989 933 1222 973 dictatorem
1250 935 1416 984 praeter

25 1059 59 1084 1⁵
77 1049 125 1090 de
161 1052 232 1090 tua
269 1049 486 1090 insolentia
521 1049 849 1090 commemorem?
890 1062 1006 1101 quem
1040 1048 1247 1090 <Minerva
1283 1050 1415 1090 omnis

78 1108 182 1149 artis
220 1108 389 1157 edocuit,
432 1107 619 1162 Iuppiter
662 1109 835 1160 optimus
876 1109 1084 1149 maximus
1120 1108 1166 1149 in
1202 1108 1414 1149 concilium

77 1167 241 1208 deorum
271 1166 455 1216 admisit,
494 1166 629 1215 Italia
661 1167 815 1207 exulem
844 1166 1024 1207 humeris
1053 1167 1140 1208 suis
1170 1166 1414 1219 reportavit.³

80 1223 160 1266 Oro
191 1227 243 1277 te,
274 1224 446 1265 Romule
475 1224 678 1277 Arpinas,
716 1226 787 1277 qui
816 1226 972 1278 eqreqia
1004 1228 1075 1265 tua
1104 1225 1251 1266 virtute
1281 1239 1416 1266 omnes

76 1282 243 1334 Paulos,
273 1283 437 1333 Fabios,
468 1282 675 1336 Scipiones
703 1285 914 1337 superasti,
948 1297 1063 1336 quem
1094 1285 1255 1325 tandem
1286 1284 1415 1325 locum

23 1352 58 1377 20
77 1343 122 1382 in
158 1341 233 1383 hac
272 1342 431 1383 civitate
472 1342 656 1394 optines?
699 1356 800 1395 quae
842 1342 914 1383 tibi
948 1346 1090 1394 partes
1132 1343 1192 1384 rei
1225 1343 1416 1396 publicae

69 1399 261 1453 placent?
289 1414 405 1453 quem
429 1402 605 1442 amicum
630 1404 666 1442 et
689 1415 805 1454 quem
828 1402 1041 1442 inimicum
1067 1401 1217 1443 babes?
1268 1400 1346 1443 Cui
1369 1403 1415 1443 in

76 1459 234 1500 civitate
273 1460 448 1500 insidias
487 1459 635 1513 fecisti,
684 1460 897 1502 ancillaris
939 1459 1035 1513 (quo
1077 1461 1182 1513 iure,
1235 1474 1326 1501 cum
1368 1461 1415 1502 de

75 1518 196 1559 exilio
222 1521 288 1559 tuo
313 1517 573 1571 Dyrrhachio
597 1519 748 1570 redisti,
779 1533 870 1560 eum
893 1518 1086 1571 sequens?
1082 1519 1119 1573 ),
1150 1533 1249 1572 quos
1273 1522 1414 1572 tyran-

75 1590 148 1618 nos
190 1576 441 1629 appellabas,
490 1591 628 1618 eorum
662 1578 866 1630 potentiae
908 1578 1045 1629 faves;
1094 1579 1166 1630 qui
1208 1578 1280 1619 tibi
1321 1582 1415 1619 ante

41 1645 56 1670 5
75 1636 286 1687 optimates
314 1636 567 1690 videbantur,
597 1638 751 1678 eosdem
781 1637 976 1678 dementes
1005 1650 1053 1677 ac
1080 1637 1258 1688 furiosos
1287 1650 1414 1679 vocas.

83 1694 225 1735 Vatini
254 1708 420 1735 causam
450 1696 555 1748 aqis,
587 1696 634 1736 de
663 1695 792 1736 Sestio
822 1696 928 1737 male
957 1696 1183 1749 existimas,
1214 1695 1415 1737 Bibulum

67 1753 408 1806 petulantissimis
437 1754 565 1795 verbis
596 1754 732 1808 laedis,
765 1755 910 1796 laudas
934 1753 1158 1808 Caesarem,
1188 1768 1304 1807 quem
1328 1769 1414 1796 ma-

73 1812 182 1853 xime
201 1812 332 1862 odisti,
357 1813 394 1853 ei
412 1814 590 1854 maxime
609 1813 840 1865 obsequeris,
865 1813 983 1854 aliud
999 1817 1122 1863 stans,
1142 1814 1260 1855 aliud
1275 1815 1413 1855 sedens

75 1871 199 1912 sentis
229 1871 277 1911 de
305 1884 349 1912 re
372 1872 546 1925 publiea,
576 1871 640 1913 his
670 1872 775 1913 male
798 1872 910 1922 dicis,
940 1872 1032 1914 illos
1056 1873 1186 1922 odisti,
1218 1873 1413 1914 levissime

41 1938 58 1964 0
76 1928 303 1984 transfuqa,
334 1943 457 1984 neque
480 1931 525 1972 in
551 1930 627 1972 hac
656 1944 780 1983 neque
803 1931 849 1972 in
874 1931 949 1972 illa
969 1934 1087 1984 parte
1110 1932 1230 1984 fidem
1253 1931 1412 1974 liabens.

139 2414 212 2439 cxc.
231 2415 282 2440 tv.
304 2416 330 2440 3.
1154 2414 1197 2446 ‘37

78 1003 223 1032 nomen
247 991 411 1042 imperii
433 991 649 1043 quicquam
673 991 914 1042 interfuerit.
963 990 1045 1032 Sed
1067 991 1167 1043 quid
1195 1004 1261 1044 eqo
1286 990 1415 1043 plura
1440 978 1467 1016 4

1447 1029 1460 1059 1
