<?xml version="1.0" encoding="UTF-8"?>
<!DOCTYPE html PUBLIC "-//W3C//DTD XHTML 1.0 Transitional//EN"
    "http://www.w3.org/TR/xhtml1/DTD/xhtml1-transitional.dtd">
<html xmlns="http://www.w3.org/1999/xhtml" xml:lang="en" lang="en">
 <head>
  <title>
</title>
<meta http-equiv="Content-Type" content="text/html;charset=utf-8" />
  <meta name='ocr-system' content='tesseract 3.04.00' />
  <meta name='ocr-capabilities' content='ocr_page ocr_carea ocr_par ocr_line ocrx_word'/>
</head>
<body>
  <div class='ocr_page' id='page_1' title='image "./p3scriptaquaemanse04ciceuoft_0189.png"; bbox 0 0 1663 2490; ppageno 0'>
   <div class='ocr_carea' id='block_1_1' title="bbox 0 1826 3 2490">
    <p class='ocr_par' dir='ltr' id='par_1_1' title="bbox 0 1826 3 2490">
     <span class='ocr_line' id='line_1_1' title="bbox 0 1826 3 2490; baseline 0 0"><span class='ocrx_word' id='word_1_1' title='bbox 0 1826 3 2490; x_wconf 95' lang='lat' dir='ltr'><strong> </strong></span> 
     </span>
    </p>
   </div>
   <div class='ocr_carea' id='block_1_2' title="bbox 384 59 1437 103">
    <p class='ocr_par' dir='ltr' id='par_1_2' title="bbox 384 59 1437 103">
     <span class='ocr_line' id='line_1_2' title="bbox 384 59 1437 103; baseline 0.007 -8"><span class='ocrx_word' id='word_1_2' title='bbox 384 60 473 97; x_wconf 70' lang='grc' dir='ltr'><strong>ΜΒ.</strong></span> <span class='ocrx_word' id='word_1_3' title='bbox 500 61 562 95; x_wconf 87' lang='lat'>111.</span> <span class='ocrx_word' id='word_1_4' title='bbox 607 59 707 95; x_wconf 85' lang='lat' dir='ltr'>CAP.</span> <span class='ocrx_word' id='word_1_5' title='bbox 734 64 885 97; x_wconf 82' lang='lat'><strong>23—26.</strong></span> <span class='ocrx_word' id='word_1_6' title='bbox 933 64 954 103; x_wconf 68' lang='grc' dir='ltr'><strong>ς)</strong></span> <span class='ocrx_word' id='word_1_7' title='bbox 979 65 1128 96; x_wconf 81' lang='lat'>92—98.</span> <span class='ocrx_word' id='word_1_8' title='bbox 1357 61 1437 101; x_wconf 79' lang='lat'><strong>121</strong></span> 
     </span>
    </p>
   </div>
   <div class='ocr_carea' id='block_1_3' title="bbox 47 168 1510 2340">
    <p class='ocr_par' dir='ltr' id='par_1_3' title="bbox 48 168 1443 1103">
     <span class='ocr_line' id='line_1_3' title="bbox 102 168 1440 224; baseline -0.001 -13"><span class='ocrx_word' id='word_1_9' title='bbox 102 169 279 221; x_wconf 88' lang='lat' dir='ltr'><strong>Dianae,</strong></span> <span class='ocrx_word' id='word_1_10' title='bbox 310 168 424 223; x_wconf 90' lang='lat' dir='ltr'><strong>quod</strong></span> <span class='ocrx_word' id='word_1_11' title='bbox 454 169 500 209; x_wconf 91' lang='lat' dir='ltr'><strong>in</strong></span> <span class='ocrx_word' id='word_1_12' title='bbox 526 182 602 210; x_wconf 90' lang='lat' dir='ltr'><strong>suo</strong></span> <span class='ocrx_word' id='word_1_13' title='bbox 628 182 762 224; x_wconf 88' lang='lat' dir='ltr'><strong>regno</strong></span> <span class='ocrx_word' id='word_1_14' title='bbox 789 168 1123 223; x_wconf 87' lang='lat' dir='ltr'><strong>pulcherrimum</strong></span> <span class='ocrx_word' id='word_1_15' title='bbox 1149 170 1300 209; x_wconf 90' lang='lat' dir='ltr'><strong>natum</strong></span> <span class='ocrx_word' id='word_1_16' title='bbox 1326 171 1440 210; x_wconf 84' lang='lat' dir='ltr'><strong>esset</strong></span> 
     </span>
     <span class='ocr_line' id='line_1_4' title="bbox 102 226 1438 282; baseline -0.001 -13"><span class='ocrx_word' id='word_1_17' title='bbox 102 228 180 269; x_wconf 91' lang='lat' dir='ltr'><strong>illo</strong></span> <span class='ocrx_word' id='word_1_18' title='bbox 206 241 336 280; x_wconf 90' lang='lat' dir='ltr'><strong>anno,</strong></span> <span class='ocrx_word' id='word_1_19' title='bbox 378 226 622 268; x_wconf 85' lang='lat' dir='ltr'><strong>immolavit</strong></span> <span class='ocrx_word' id='word_1_20' title='bbox 658 226 948 282; x_wconf 80' lang='lat' dir='ltr'>Iphigeniam,</span> <span class='ocrx_word' id='word_1_21' title='bbox 992 241 1076 281; x_wconf 89' lang='lat' dir='ltr'><strong>qua</strong></span> <span class='ocrx_word' id='word_1_22' title='bbox 1112 226 1220 268; x_wconf 84' lang='lat' dir='ltr'>nihil</span> <span class='ocrx_word' id='word_1_23' title='bbox 1260 229 1352 268; x_wconf 88' lang='lat' dir='ltr'><strong>erat</strong></span> <span class='ocrx_word' id='word_1_24' title='bbox 1390 241 1438 268; x_wconf 89' lang='lat' dir='ltr'><strong>eo</strong></span> 
     </span>
     <span class='ocr_line' id='line_1_5' title="bbox 103 285 1440 341; baseline -0.001 -14"><span class='ocrx_word' id='word_1_25' title='bbox 103 285 273 341; x_wconf 89' lang='lat' dir='ltr'><strong>quidem</strong></span> <span class='ocrx_word' id='word_1_26' title='bbox 292 299 405 327; x_wconf 89' lang='lat' dir='ltr'><strong>anno</strong></span> <span class='ocrx_word' id='word_1_27' title='bbox 431 288 582 327; x_wconf 86' lang='lat' dir='ltr'><strong>natum</strong></span> <span class='ocrx_word' id='word_1_28' title='bbox 602 285 852 340; x_wconf 81' lang='lat' dir='ltr'>pulchrius?</span> <span class='ocrx_word' id='word_1_29' title='bbox 895 285 1162 327; x_wconf 88' lang='lat' dir='ltr'><strong>Promissum</strong></span> <span class='ocrx_word' id='word_1_30' title='bbox 1187 285 1331 340; x_wconf 87' lang='lat' dir='ltr'><strong>potius</strong></span> <span class='ocrx_word' id='word_1_31' title='bbox 1353 299 1440 327; x_wconf 90' lang='lat' dir='ltr'><strong>non</strong></span> 
     </span>
     <span class='ocr_line' id='line_1_6' title="bbox 101 343 1440 398; baseline -0.001 -13"><span class='ocrx_word' id='word_1_32' title='bbox 101 344 342 386; x_wconf 90' lang='lat' dir='ltr'><strong>faciendum</strong></span> <span class='ocrx_word' id='word_1_33' title='bbox 386 358 514 398; x_wconf 89' lang='lat' dir='ltr'><strong>quam</strong></span> <span class='ocrx_word' id='word_1_34' title='bbox 557 346 648 385; x_wconf 88' lang='lat' dir='ltr'><strong>tam</strong></span> <span class='ocrx_word' id='word_1_35' title='bbox 685 347 873 386; x_wconf 86' lang='lat' dir='ltr'><strong>taetrum</strong></span> <span class='ocrx_word' id='word_1_36' title='bbox 914 343 1080 386; x_wconf 89' lang='lat' dir='ltr'><strong>facinus</strong></span> <span class='ocrx_word' id='word_1_37' title='bbox 1126 343 1440 385; x_wconf 89' lang='lat' dir='ltr'><strong>admittendum</strong></span> 
     </span>
     <span class='ocr_line' id='line_1_7' title="bbox 67 401 1441 468; baseline -0.001 -24"><span class='ocrx_word' id='word_1_38' title='bbox 67 402 196 444; x_wconf 64' lang='lat' dir='ltr'><strong>afuit.</strong></span> <span class='ocrx_word' id='word_1_39' title='bbox 256 401 375 458; x_wconf 86' lang='lat' dir='ltr'><strong>Ergo</strong></span> <span class='ocrx_word' id='word_1_40' title='bbox 408 405 452 443; x_wconf 91' lang='lat' dir='ltr'><strong>et</strong></span> <span class='ocrx_word' id='word_1_41' title='bbox 481 403 696 458; x_wconf 87' lang='lat' dir='ltr'><strong>promissa</strong></span> <span class='ocrx_word' id='word_1_42' title='bbox 726 417 812 445; x_wconf 89' lang='lat' dir='ltr'><strong>non</strong></span> <span class='ocrx_word' id='word_1_43' title='bbox 842 402 1036 445; x_wconf 86' lang='lat' dir='ltr'><strong>facienda</strong></span> <span class='ocrx_word' id='word_1_44' title='bbox 1066 417 1153 444; x_wconf 88' lang='lat' dir='ltr'><strong>non</strong></span> <span class='ocrx_word' id='word_1_45' title='bbox 1192 417 1441 468; x_wconf 85' lang='lat' dir='ltr'>numquam,</span> 
     </span>
     <span class='ocr_line' id='line_1_8' title="bbox 101 460 1438 527; baseline -0.001 -24"><span class='ocrx_word' id='word_1_46' title='bbox 101 475 239 515; x_wconf 85' lang='lat' dir='ltr'><strong>neque</strong></span> <span class='ocrx_word' id='word_1_47' title='bbox 283 475 451 516; x_wconf 87' lang='lat' dir='ltr'>semper</span> <span class='ocrx_word' id='word_1_48' title='bbox 495 461 690 516; x_wconf 86' lang='lat' dir='ltr'><strong>deposita</strong></span> <span class='ocrx_word' id='word_1_49' title='bbox 732 461 956 503; x_wconf 88' lang='lat' dir='ltr'><strong>reddenda.</strong></span> <span class='ocrx_word' id='word_1_50' title='bbox 1018 460 1063 503; x_wconf 85' lang='lat' dir='ltr'><strong>Si</strong></span> <span class='ocrx_word' id='word_1_51' title='bbox 1106 461 1299 527; x_wconf 83' lang='lat' dir='ltr'>gladium</span> <span class='ocrx_word' id='word_1_52' title='bbox 1339 462 1438 527; x_wconf 32' lang='lat' dir='ltr'><strong>‘quis</strong></span> 
     </span>
     <span class='ocr_line' id='line_1_9' title="bbox 102 519 1440 575; baseline -0.001 -13"><span class='ocrx_word' id='word_1_53' title='bbox 102 519 215 575; x_wconf 85' lang='lat' dir='ltr'><strong>apud</strong></span> <span class='ocrx_word' id='word_1_54' title='bbox 254 521 298 562; x_wconf 87' lang='lat' dir='ltr'><strong>te</strong></span> <span class='ocrx_word' id='word_1_55' title='bbox 342 534 448 561; x_wconf 85' lang='lat' dir='ltr'><strong>sana</strong></span> <span class='ocrx_word' id='word_1_56' title='bbox 490 522 633 561; x_wconf 91' lang='lat' dir='ltr'><strong>mente</strong></span> <span class='ocrx_word' id='word_1_57' title='bbox 682 520 943 575; x_wconf 86' lang='lat' dir='ltr'><strong>deposuerit,</strong></span> <span class='ocrx_word' id='word_1_58' title='bbox 999 522 1167 575; x_wconf 87' lang='lat' dir='ltr'><strong>repetat</strong></span> <span class='ocrx_word' id='word_1_59' title='bbox 1209 520 1440 573; x_wconf 88' lang='lat' dir='ltr'><strong>insaniens,</strong></span> 
     </span>
     <span class='ocr_line' id='line_1_10' title="bbox 100 577 1440 633; baseline 0 -14"><span class='ocrx_word' id='word_1_60' title='bbox 100 578 275 620; x_wconf 85' lang='lat' dir='ltr'><strong>reddere</strong></span> <span class='ocrx_word' id='word_1_61' title='bbox 307 581 528 633; x_wconf 90' lang='lat' dir='ltr'><strong>peccatum</strong></span> <span class='ocrx_word' id='word_1_62' title='bbox 560 578 629 632; x_wconf 89' lang='lat' dir='ltr'><strong>sit,</strong></span> <span class='ocrx_word' id='word_1_63' title='bbox 662 578 849 620; x_wconf 84' lang='lat' dir='ltr'><strong>officium</strong></span> <span class='ocrx_word' id='word_1_64' title='bbox 881 593 967 621; x_wconf 91' lang='lat' dir='ltr'><strong>non</strong></span> <span class='ocrx_word' id='word_1_65' title='bbox 995 579 1181 620; x_wconf 86' lang='lat' dir='ltr'><strong>reddere.</strong></span> <span class='ocrx_word' id='word_1_66' title='bbox 1231 577 1369 627; x_wconf 76' lang='lat' dir='ltr'><strong>Quid?</strong></span> <span class='ocrx_word' id='word_1_67' title='bbox 1404 579 1440 620; x_wconf 89' lang='lat' dir='ltr'><strong>si</strong></span> 
     </span>
     <span class='ocr_line' id='line_1_11' title="bbox 100 636 1442 693; baseline -0.001 -14"><span class='ocrx_word' id='word_1_68' title='bbox 100 636 150 691; x_wconf 86' lang='lat' dir='ltr'><strong>is,</strong></span> <span class='ocrx_word' id='word_1_69' title='bbox 182 637 255 692; x_wconf 89' lang='lat' dir='ltr'><strong>qui</strong></span> <span class='ocrx_word' id='word_1_70' title='bbox 287 637 400 692; x_wconf 87' lang='lat' dir='ltr'><strong>apud</strong></span> <span class='ocrx_word' id='word_1_71' title='bbox 438 640 480 679; x_wconf 92' lang='lat' dir='ltr'><strong>te</strong></span> <span class='ocrx_word' id='word_1_72' title='bbox 519 637 742 693; x_wconf 84' lang='lat' dir='ltr'><strong>pecuniam</strong></span> <span class='ocrx_word' id='word_1_73' title='bbox 782 638 1044 693; x_wconf 87' lang='lat' dir='ltr'><strong>deposuerit,</strong></span> <span class='ocrx_word' id='word_1_74' title='bbox 1080 638 1243 680; x_wconf 89' lang='lat' dir='ltr'><strong>bellum</strong></span> <span class='ocrx_word' id='word_1_75' title='bbox 1282 637 1442 679; x_wconf 88' lang='lat' dir='ltr'><strong>inferat</strong></span> 
     </span>
     <span class='ocr_line' id='line_1_12' title="bbox 49 696 1441 751; baseline 0.002 -16"><span class='ocrx_word' id='word_1_76' title='bbox 49 708 82 734; x_wconf 87' lang='grc' dir='ltr'><strong>ιο</strong></span> <span class='ocrx_word' id='word_1_77' title='bbox 100 696 280 751; x_wconf 86' lang='lat' dir='ltr'><strong>patriae,</strong></span> <span class='ocrx_word' id='word_1_78' title='bbox 311 696 518 738; x_wconf 85' lang='lat' dir='ltr'><strong>reddasne</strong></span> <span class='ocrx_word' id='word_1_79' title='bbox 550 696 821 751; x_wconf 74' lang='lat' dir='ltr'><strong>depositum?</strong></span> <span class='ocrx_word' id='word_1_80' title='bbox 866 696 966 738; x_wconf 94' lang='lat' dir='ltr'><strong>Non</strong></span> <span class='ocrx_word' id='word_1_81' title='bbox 994 697 1137 750; x_wconf 73' lang='lat' dir='ltr'><strong>credo,</strong></span> <span class='ocrx_word' id='word_1_82' title='bbox 1166 696 1301 738; x_wconf 88' lang='lat' dir='ltr'><strong>facias</strong></span> <span class='ocrx_word' id='word_1_83' title='bbox 1328 697 1441 738; x_wconf 90' lang='lat' dir='ltr'><strong>enim</strong></span> 
     </span>
     <span class='ocr_line' id='line_1_13' title="bbox 101 753 1441 810; baseline -0.001 -13"><span class='ocrx_word' id='word_1_84' title='bbox 101 757 253 797; x_wconf 87' lang='lat' dir='ltr'><strong>contra</strong></span> <span class='ocrx_word' id='word_1_85' title='bbox 283 769 374 796; x_wconf 86' lang='lat' dir='ltr'><strong>rem</strong></span> <span class='ocrx_word' id='word_1_86' title='bbox 405 755 637 810; x_wconf 83' lang='lat' dir='ltr'>publicam,</span> <span class='ocrx_word' id='word_1_87' title='bbox 670 770 777 810; x_wconf 89' lang='lat' dir='ltr'><strong>quae</strong></span> <span class='ocrx_word' id='word_1_88' title='bbox 810 755 937 797; x_wconf 91' lang='lat' dir='ltr'><strong>debet</strong></span> <span class='ocrx_word' id='word_1_89' title='bbox 969 770 1062 797; x_wconf 91' lang='lat' dir='ltr'><strong>esse</strong></span> <span class='ocrx_word' id='word_1_90' title='bbox 1094 755 1329 797; x_wconf 88' lang='lat' dir='ltr'><strong>carissima.</strong></span> <span class='ocrx_word' id='word_1_91' title='bbox 1372 753 1441 797; x_wconf 84' lang='lat' dir='ltr'><strong>Sic</strong></span> 
     </span>
     <span class='ocr_line' id='line_1_14' title="bbox 101 813 1442 869; baseline 0 -14"><span class='ocrx_word' id='word_1_92' title='bbox 101 814 251 868; x_wconf 89' lang='lat' dir='ltr'><strong>multa,</strong></span> <span class='ocrx_word' id='word_1_93' title='bbox 283 828 391 868; x_wconf 88' lang='lat' dir='ltr'><strong>quae</strong></span> <span class='ocrx_word' id='word_1_94' title='bbox 423 814 606 855; x_wconf 85' lang='lat' dir='ltr'><strong>honesta</strong></span> <span class='ocrx_word' id='word_1_95' title='bbox 636 817 794 855; x_wconf 87' lang='lat' dir='ltr'><strong>natura</strong></span> <span class='ocrx_word' id='word_1_96' title='bbox 818 814 1017 856; x_wconf 84' lang='lat' dir='ltr'><strong>videntur</strong></span> <span class='ocrx_word' id='word_1_97' title='bbox 1043 828 1147 868; x_wconf 88' lang='lat' dir='ltr'><strong>esse,</strong></span> <span class='ocrx_word' id='word_1_98' title='bbox 1173 813 1442 869; x_wconf 80' lang='lat' dir='ltr'><strong>temporibus</strong></span> 
     </span>
     <span class='ocr_line' id='line_1_15' title="bbox 100 872 1443 928; baseline 0 -15"><span class='ocrx_word' id='word_1_99' title='bbox 100 873 210 913; x_wconf 91' lang='lat' dir='ltr'><strong>fiunt</strong></span> <span class='ocrx_word' id='word_1_100' title='bbox 244 887 332 914; x_wconf 91' lang='lat' dir='ltr'><strong>non</strong></span> <span class='ocrx_word' id='word_1_101' title='bbox 369 872 569 926; x_wconf 84' lang='lat' dir='ltr'><strong>honesta3</strong></span> <span class='ocrx_word' id='word_1_102' title='bbox 605 872 744 914; x_wconf 88' lang='lat' dir='ltr'><strong>facere</strong></span> <span class='ocrx_word' id='word_1_103' title='bbox 781 872 1013 928; x_wconf 87' lang='lat' dir='ltr'><strong>promissa,</strong></span> <span class='ocrx_word' id='word_1_104' title='bbox 1054 875 1170 914; x_wconf 87' lang='lat' dir='ltr'><strong>stare</strong></span> <span class='ocrx_word' id='word_1_105' title='bbox 1208 873 1443 927; x_wconf 85' lang='lat' dir='ltr'><strong>conventis,</strong></span> 
     </span>
     <span class='ocr_line' id='line_1_16' title="bbox 100 931 1442 986; baseline -0.001 -14"><span class='ocrx_word' id='word_1_106' title='bbox 100 931 275 973; x_wconf 87' lang='lat' dir='ltr'><strong>reddere</strong></span> <span class='ocrx_word' id='word_1_107' title='bbox 296 931 493 986; x_wconf 88' lang='lat' dir='ltr'><strong>deposita</strong></span> <span class='ocrx_word' id='word_1_108' title='bbox 513 934 778 973; x_wconf 88' lang='lat' dir='ltr'><strong>commutata</strong></span> <span class='ocrx_word' id='word_1_109' title='bbox 797 931 988 972; x_wconf 88' lang='lat' dir='ltr'><strong>utilitate</strong></span> <span class='ocrx_word' id='word_1_110' title='bbox 1007 931 1117 972; x_wconf 88' lang='lat' dir='ltr'><strong>fiunt</strong></span> <span class='ocrx_word' id='word_1_111' title='bbox 1142 945 1229 973; x_wconf 89' lang='lat' dir='ltr'><strong>non</strong></span> <span class='ocrx_word' id='word_1_112' title='bbox 1247 931 1442 973; x_wconf 87' lang='lat' dir='ltr'><strong>honesta.</strong></span> 
     </span>
     <span class='ocr_line' id='line_1_17' title="bbox 48 989 1443 1044; baseline -0.001 -13"><span class='ocrx_word' id='word_1_113' title='bbox 48 1001 81 1026; x_wconf 81' lang='lat'><strong>15</strong></span> <span class='ocrx_word' id='word_1_114' title='bbox 100 990 164 1031; x_wconf 88' lang='lat' dir='ltr'><strong>Ac</strong></span> <span class='ocrx_word' id='word_1_115' title='bbox 196 989 246 1031; x_wconf 88' lang='lat' dir='ltr'><strong>de</strong></span> <span class='ocrx_word' id='word_1_116' title='bbox 277 990 331 1031; x_wconf 88' lang='lat' dir='ltr'><strong>iis</strong></span> <span class='ocrx_word' id='word_1_117' title='bbox 361 990 544 1044; x_wconf 91' lang='lat' dir='ltr'><strong>quidem,</strong></span> <span class='ocrx_word' id='word_1_118' title='bbox 576 1004 684 1044; x_wconf 90' lang='lat' dir='ltr'><strong>quae</strong></span> <span class='ocrx_word' id='word_1_119' title='bbox 709 989 909 1031; x_wconf 85' lang='lat' dir='ltr'><strong>videntur</strong></span> <span class='ocrx_word' id='word_1_120' title='bbox 934 1004 1026 1031; x_wconf 87' lang='lat' dir='ltr'><strong>esse</strong></span> <span class='ocrx_word' id='word_1_121' title='bbox 1052 990 1265 1031; x_wconf 87' lang='lat' dir='ltr'><strong>utilitates</strong></span> <span class='ocrx_word' id='word_1_122' title='bbox 1292 993 1443 1031; x_wconf 90' lang='lat' dir='ltr'><strong>contra</strong></span> 
     </span>
     <span class='ocr_line' id='line_1_18' title="bbox 99 1048 1442 1103; baseline 0 -13"><span class='ocrx_word' id='word_1_123' title='bbox 99 1048 312 1091; x_wconf 85' lang='lat' dir='ltr'><strong>iustitiam</strong></span> <span class='ocrx_word' id='word_1_124' title='bbox 326 1048 608 1091; x_wconf 74' lang='lat' dir='ltr'><strong>,simulatione</strong></span> <span class='ocrx_word' id='word_1_125' title='bbox 628 1048 892 1103; x_wconf 91' lang='lat' dir='ltr'><strong>prudentiae,</strong></span> <span class='ocrx_word' id='word_1_126' title='bbox 918 1048 1026 1089; x_wconf 86' lang='lat' dir='ltr'><strong>satis</strong></span> <span class='ocrx_word' id='word_1_127' title='bbox 1053 1048 1243 1090; x_wconf 90' lang='lat' dir='ltr'><strong>arbitror</strong></span> <span class='ocrx_word' id='word_1_128' title='bbox 1269 1048 1442 1090; x_wconf 86' lang='lat' dir='ltr'><strong>dictum.</strong></span> 
     </span>
    </p>

    <p class='ocr_par' dir='ltr' id='par_1_4' title="bbox 99 1105 1510 1280">
     <span class='ocr_line' id='line_1_19' title="bbox 189 1105 1510 1162; baseline 0.001 -13"><span class='ocrx_word' id='word_1_129' title='bbox 189 1105 272 1149; x_wconf 87' lang='lat' dir='ltr'><strong>Sed</strong></span> <span class='ocrx_word' id='word_1_130' title='bbox 300 1107 503 1162; x_wconf 88' lang='lat' dir='ltr'><strong>quoniam</strong></span> <span class='ocrx_word' id='word_1_131' title='bbox 529 1122 555 1148; x_wconf 87' lang='lat' dir='ltr'><strong>a</strong></span> <span class='ocrx_word' id='word_1_132' title='bbox 580 1109 785 1161; x_wconf 83' lang='lat' dir='ltr'><strong>quattuor</strong></span> <span class='ocrx_word' id='word_1_133' title='bbox 809 1106 1003 1148; x_wconf 85' lang='lat' dir='ltr'><strong>fontibus</strong></span> <span class='ocrx_word' id='word_1_134' title='bbox 1032 1107 1276 1148; x_wconf 71' lang='lat' dir='ltr'><strong>honestatis</strong></span> <span class='ocrx_word' id='word_1_135' title='bbox 1301 1108 1441 1162; x_wconf 88' lang='lat' dir='ltr'><strong>primo</strong></span> <span class='ocrx_word' id='word_1_136' title='bbox 1469 1120 1510 1151; x_wconf 69' lang='grc'><strong>96</strong></span> 
     </span>
     <span class='ocr_line' id='line_1_20' title="bbox 99 1165 1443 1220; baseline 0 -12"><span class='ocrx_word' id='word_1_137' title='bbox 99 1166 212 1208; x_wconf 88' lang='lat' dir='ltr'><strong>libro</strong></span> <span class='ocrx_word' id='word_1_138' title='bbox 245 1165 387 1209; x_wconf 88' lang='lat' dir='ltr'><strong>officia</strong></span> <span class='ocrx_word' id='word_1_139' title='bbox 418 1166 632 1216; x_wconf 80' lang='lat' dir='ltr'><strong>duximus,</strong></span> <span class='ocrx_word' id='word_1_140' title='bbox 675 1166 721 1207; x_wconf 89' lang='lat' dir='ltr'><strong>in</strong></span> <span class='ocrx_word' id='word_1_141' title='bbox 758 1166 917 1207; x_wconf 88' lang='lat' dir='ltr'><strong>eisdem</strong></span> <span class='ocrx_word' id='word_1_142' title='bbox 954 1180 1192 1220; x_wconf 83' lang='lat' dir='ltr'><strong>versemur,</strong></span> <span class='ocrx_word' id='word_1_143' title='bbox 1235 1181 1331 1207; x_wconf 88' lang='lat' dir='ltr'><strong>cum</strong></span> <span class='ocrx_word' id='word_1_144' title='bbox 1373 1166 1443 1208; x_wconf 87' lang='lat' dir='ltr'><strong>do—</strong></span> 
     </span>
     <span class='ocr_line' id='line_1_21' title="bbox 100 1224 1444 1280; baseline -0.001 -12"><span class='ocrx_word' id='word_1_145' title='bbox 100 1225 289 1268; x_wconf 85' lang='lat' dir='ltr'><strong>cebimus</strong></span> <span class='ocrx_word' id='word_1_146' title='bbox 334 1239 404 1280; x_wconf 90' lang='lat' dir='ltr'><strong>ea,</strong></span> <span class='ocrx_word' id='word_1_147' title='bbox 454 1239 562 1279; x_wconf 92' lang='lat' dir='ltr'><strong>quae</strong></span> <span class='ocrx_word' id='word_1_148' title='bbox 606 1224 832 1266; x_wconf 87' lang='lat' dir='ltr'><strong>videantur</strong></span> <span class='ocrx_word' id='word_1_149' title='bbox 870 1239 962 1266; x_wconf 87' lang='lat' dir='ltr'><strong>esse</strong></span> <span class='ocrx_word' id='word_1_150' title='bbox 999 1225 1126 1266; x_wconf 87' lang='lat' dir='ltr'><strong>utilia</strong></span> <span class='ocrx_word' id='word_1_151' title='bbox 1168 1239 1305 1279; x_wconf 88' lang='lat' dir='ltr'><strong>neque</strong></span> <span class='ocrx_word' id='word_1_152' title='bbox 1344 1225 1444 1280; x_wconf 90' lang='lat' dir='ltr'><strong>sint,</strong></span> 
     </span>
    </p>

    <p class='ocr_par' dir='ltr' id='par_1_5' title="bbox 47 1283 1445 1574">
     <span class='ocr_line' id='line_1_22' title="bbox 47 1283 1444 1339; baseline -0.001 -14"><span class='ocrx_word' id='word_1_153' title='bbox 47 1295 81 1321; x_wconf 83' lang='lat'><strong>20</strong></span> <span class='ocrx_word' id='word_1_154' title='bbox 102 1299 230 1339; x_wconf 90' lang='lat' dir='ltr'><strong>quam</strong></span> <span class='ocrx_word' id='word_1_155' title='bbox 263 1284 350 1325; x_wconf 88' lang='lat' dir='ltr'><strong>sint</strong></span> <span class='ocrx_word' id='word_1_156' title='bbox 380 1283 555 1325; x_wconf 85' lang='lat' dir='ltr'><strong>virtutis</strong></span> <span class='ocrx_word' id='word_1_157' title='bbox 586 1283 770 1325; x_wconf 85' lang='lat' dir='ltr'><strong>inimica.</strong></span> <span class='ocrx_word' id='word_1_158' title='bbox 821 1283 885 1325; x_wconf 91' lang='lat' dir='ltr'><strong>Ac</strong></span> <span class='ocrx_word' id='word_1_159' title='bbox 918 1283 968 1325; x_wconf 91' lang='lat' dir='ltr'><strong>de</strong></span> <span class='ocrx_word' id='word_1_160' title='bbox 1000 1283 1228 1338; x_wconf 88' lang='lat' dir='ltr'><strong>prudentia</strong></span> <span class='ocrx_word' id='word_1_161' title='bbox 1260 1283 1444 1338; x_wconf 87' lang='lat' dir='ltr'><strong>quidem,</strong></span> 
     </span>
     <span class='ocr_line' id='line_1_23' title="bbox 101 1342 1443 1397; baseline -0.001 -13"><span class='ocrx_word' id='word_1_162' title='bbox 101 1357 229 1397; x_wconf 89' lang='lat' dir='ltr'><strong>quam</strong></span> <span class='ocrx_word' id='word_1_163' title='bbox 260 1343 356 1384; x_wconf 80' lang='lat' dir='ltr'><strong>vult</strong></span> <span class='ocrx_word' id='word_1_164' title='bbox 385 1342 550 1384; x_wconf 85' lang='lat' dir='ltr'><strong>imitari</strong></span> <span class='ocrx_word' id='word_1_165' title='bbox 581 1342 768 1395; x_wconf 88' lang='lat' dir='ltr'><strong>malitia,</strong></span> <span class='ocrx_word' id='word_1_166' title='bbox 799 1342 987 1397; x_wconf 89' lang='lat' dir='ltr'><strong>itemque</strong></span> <span class='ocrx_word' id='word_1_167' title='bbox 1020 1342 1070 1384; x_wconf 91' lang='lat' dir='ltr'><strong>de</strong></span> <span class='ocrx_word' id='word_1_168' title='bbox 1107 1342 1293 1396; x_wconf 88' lang='lat' dir='ltr'><strong>iustitia,</strong></span> <span class='ocrx_word' id='word_1_169' title='bbox 1335 1357 1443 1397; x_wconf 91' lang='lat' dir='ltr'><strong>quae</strong></span> 
     </span>
     <span class='ocr_line' id='line_1_24' title="bbox 102 1401 1444 1457; baseline -0.001 -14"><span class='ocrx_word' id='word_1_170' title='bbox 102 1416 269 1457; x_wconf 88' lang='lat' dir='ltr'><strong>semper</strong></span> <span class='ocrx_word' id='word_1_171' title='bbox 319 1404 385 1443; x_wconf 89' lang='lat' dir='ltr'><strong>est</strong></span> <span class='ocrx_word' id='word_1_172' title='bbox 433 1401 571 1455; x_wconf 87' lang='lat' dir='ltr'><strong>utilis,</strong></span> <span class='ocrx_word' id='word_1_173' title='bbox 628 1401 895 1457; x_wconf 84' lang='lat' dir='ltr'><strong>disputatum</strong></span> <span class='ocrx_word' id='word_1_174' title='bbox 946 1404 1022 1443; x_wconf 88' lang='lat' dir='ltr'><strong>est.</strong></span> <span class='ocrx_word' id='word_1_175' title='bbox 1084 1401 1293 1456; x_wconf 80' lang='lat' dir='ltr'><strong>Reliquae</strong></span> <span class='ocrx_word' id='word_1_176' title='bbox 1343 1404 1444 1443; x_wconf 88' lang='lat' dir='ltr'><strong>sunt</strong></span> 
     </span>
     <span class='ocr_line' id='line_1_25' title="bbox 101 1460 1444 1515; baseline 0 -14"><span class='ocrx_word' id='word_1_177' title='bbox 101 1461 209 1502; x_wconf 89' lang='lat' dir='ltr'><strong>duae</strong></span> <span class='ocrx_word' id='word_1_178' title='bbox 246 1462 391 1515; x_wconf 89' lang='lat' dir='ltr'><strong>partes</strong></span> <span class='ocrx_word' id='word_1_179' title='bbox 429 1460 690 1514; x_wconf 85' lang='lat' dir='ltr'><strong>honestatis,</strong></span> <span class='ocrx_word' id='word_1_180' title='bbox 731 1475 912 1514; x_wconf 87' lang='lat' dir='ltr'><strong>quarum</strong></span> <span class='ocrx_word' id='word_1_181' title='bbox 956 1461 1094 1502; x_wconf 87' lang='lat' dir='ltr'><strong>altera</strong></span> <span class='ocrx_word' id='word_1_182' title='bbox 1124 1460 1169 1501; x_wconf 87' lang='lat' dir='ltr'><strong>in</strong></span> <span class='ocrx_word' id='word_1_183' title='bbox 1201 1460 1334 1502; x_wconf 91' lang='lat' dir='ltr'><strong>animi</strong></span> <span class='ocrx_word' id='word_1_184' title='bbox 1378 1475 1444 1502; x_wconf 87' lang='lat' dir='ltr'><strong>ex-</strong></span> 
     </span>
     <span class='ocr_line' id='line_1_26' title="bbox 100 1519 1445 1574; baseline -0.001 -13"><span class='ocrx_word' id='word_1_185' title='bbox 100 1519 297 1562; x_wconf 87' lang='lat' dir='ltr'><strong>cellentis</strong></span> <span class='ocrx_word' id='word_1_186' title='bbox 322 1519 618 1574; x_wconf 81' lang='lat' dir='ltr'><strong>magnitudine</strong></span> <span class='ocrx_word' id='word_1_187' title='bbox 645 1522 689 1561; x_wconf 90' lang='lat' dir='ltr'><strong>et</strong></span> <span class='ocrx_word' id='word_1_188' title='bbox 712 1519 982 1574; x_wconf 83' lang='lat' dir='ltr'><strong>praestantia</strong></span> <span class='ocrx_word' id='word_1_189' title='bbox 1003 1519 1204 1574; x_wconf 89' lang='lat' dir='ltr'><strong>cernitur,</strong></span> <span class='ocrx_word' id='word_1_190' title='bbox 1237 1519 1411 1561; x_wconf 86' lang='lat' dir='ltr'><strong>altera</strong></span> <span class='ocrx_word' id='word_1_191' title='bbox 1400 1534 1445 1560; x_wconf 87' lang='lat' dir='ltr'>m</span> 
     </span>
    </p>

    <p class='ocr_par' dir='ltr' id='par_1_6' title="bbox 48 1577 1445 1678">
     <span class='ocr_line' id='line_1_27' title="bbox 48 1577 1445 1633; baseline 0 -14"><span class='ocrx_word' id='word_1_192' title='bbox 48 1589 81 1615; x_wconf 82' lang='lat'><strong>25</strong></span> <span class='ocrx_word' id='word_1_193' title='bbox 100 1578 442 1633; x_wconf 83' lang='lat' dir='ltr'><strong>conformatione</strong></span> <span class='ocrx_word' id='word_1_194' title='bbox 479 1581 522 1619; x_wconf 90' lang='lat' dir='ltr'><strong>et</strong></span> <span class='ocrx_word' id='word_1_195' title='bbox 554 1577 847 1620; x_wconf 90' lang='lat' dir='ltr'><strong>moderatione</strong></span> <span class='ocrx_word' id='word_1_196' title='bbox 885 1578 1174 1620; x_wconf 85' lang='lat' dir='ltr'><strong>continentiae</strong></span> <span class='ocrx_word' id='word_1_197' title='bbox 1212 1580 1256 1619; x_wconf 88' lang='lat' dir='ltr'><strong>et</strong></span> <span class='ocrx_word' id='word_1_198' title='bbox 1285 1581 1445 1633; x_wconf 86' lang='lat' dir='ltr'><strong>tempe-</strong></span> 
     </span>
     <span class='ocr_line' id='line_1_28' title="bbox 100 1631 278 1679; baseline 0 -1"><span class='ocrx_word' id='word_1_199' title='bbox 100 1631 278 1679; x_wconf 87' lang='lat' dir='ltr'><strong>rantiae.</strong></span> 
     </span>
    </p>

    <p class='ocr_par' dir='ltr' id='par_1_7' title="bbox 100 1694 1444 1868">
     <span class='ocr_line' id='line_1_29' title="bbox 189 1694 1443 1751; baseline 0 -14"><span class='ocrx_word' id='word_1_200' title='bbox 189 1695 307 1737; x_wconf 86' lang='lat' dir='ltr'><strong>Utile</strong></span> <span class='ocrx_word' id='word_1_201' title='bbox 332 1695 560 1737; x_wconf 85' lang='lat' dir='ltr'><strong>videbatur</strong></span> <span class='ocrx_word' id='word_1_202' title='bbox 579 1694 709 1749; x_wconf 84' lang='lat' dir='ltr'>Ulixi,</span> <span class='ocrx_word' id='word_1_203' title='bbox 734 1698 783 1737; x_wconf 91' lang='lat' dir='ltr'><strong>ut</strong></span> <span class='ocrx_word' id='word_1_204' title='bbox 803 1695 975 1750; x_wconf 89' lang='lat' dir='ltr'><strong>quidem</strong></span> <span class='ocrx_word' id='word_1_205' title='bbox 997 1698 1151 1750; x_wconf 71' lang='lat' dir='ltr'><strong>poetae</strong></span> <span class='ocrx_word' id='word_1_206' title='bbox 1170 1695 1328 1751; x_wconf 82' lang='lat' dir='ltr'><strong>tragici</strong></span> <span class='ocrx_word' id='word_1_207' title='bbox 1346 1710 1443 1751; x_wconf 82' lang='lat' dir='ltr'><strong>pio-</strong></span> 
     </span>
     <span class='ocr_line' id='line_1_30' title="bbox 101 1753 1443 1809; baseline -0.001 -13"><span class='ocrx_word' id='word_1_208' title='bbox 101 1754 299 1796; x_wconf 91' lang='lat' dir='ltr'><strong>diderunt</strong></span> <span class='ocrx_word' id='word_1_209' title='bbox 337 1753 456 1809; x_wconf 86' lang='lat' dir='ltr'><strong>(nam</strong></span> <span class='ocrx_word' id='word_1_210' title='bbox 494 1754 607 1809; x_wconf 88' lang='lat' dir='ltr'><strong>apud</strong></span> <span class='ocrx_word' id='word_1_211' title='bbox 643 1754 900 1807; x_wconf 83' lang='lat' dir='ltr'><strong>Homerum,</strong></span> <span class='ocrx_word' id='word_1_212' title='bbox 943 1757 1168 1809; x_wconf 89' lang='lat' dir='ltr'><strong>optumum</strong></span> <span class='ocrx_word' id='word_1_213' title='bbox 1212 1757 1443 1809; x_wconf 84' lang='lat' dir='ltr'><strong>auctorem,</strong></span> 
     </span>
     <span class='ocr_line' id='line_1_31' title="bbox 100 1812 1444 1868; baseline -0.001 -13"><span class='ocrx_word' id='word_1_214' title='bbox 100 1814 202 1856; x_wconf 90' lang='lat' dir='ltr'><strong>talis</strong></span> <span class='ocrx_word' id='word_1_215' title='bbox 235 1813 285 1855; x_wconf 90' lang='lat' dir='ltr'><strong>de</strong></span> <span class='ocrx_word' id='word_1_216' title='bbox 304 1812 430 1855; x_wconf 82' lang='lat' dir='ltr'><strong>Ulixe</strong></span> <span class='ocrx_word' id='word_1_217' title='bbox 455 1814 578 1855; x_wconf 88' lang='lat' dir='ltr'><strong>nulla</strong></span> <span class='ocrx_word' id='word_1_218' title='bbox 609 1813 794 1868; x_wconf 86' lang='lat' dir='ltr'><strong>suspicio</strong></span> <span class='ocrx_word' id='word_1_219' title='bbox 827 1812 929 1867; x_wconf 88' lang='lat' dir='ltr'><strong>est),</strong></span> <span class='ocrx_word' id='word_1_220' title='bbox 968 1813 1040 1854; x_wconf 88' lang='lat' dir='ltr'><strong>sed</strong></span> <span class='ocrx_word' id='word_1_221' title='bbox 1065 1813 1321 1855; x_wconf 89' lang='lat' dir='ltr'><strong>insimulant</strong></span> <span class='ocrx_word' id='word_1_222' title='bbox 1346 1827 1444 1854; x_wconf 91' lang='lat' dir='ltr'><strong>eum</strong></span> 
     </span>
    </p>

    <p class='ocr_par' dir='ltr' id='par_1_8' title="bbox 48 1871 1443 2162">
     <span class='ocr_line' id='line_1_32' title="bbox 48 1871 1443 1928; baseline -0.001 -14"><span class='ocrx_word' id='word_1_223' title='bbox 48 1883 81 1910; x_wconf 75' lang='lat'><strong>30</strong></span> <span class='ocrx_word' id='word_1_224' title='bbox 101 1872 348 1928; x_wconf 85' lang='lat' dir='ltr'><strong>tragoediae</strong></span> <span class='ocrx_word' id='word_1_225' title='bbox 381 1872 656 1914; x_wconf 89' lang='lat' dir='ltr'><strong>simulatione</strong></span> <span class='ocrx_word' id='word_1_226' title='bbox 687 1872 880 1914; x_wconf 89' lang='lat' dir='ltr'><strong>insaniae</strong></span> <span class='ocrx_word' id='word_1_227' title='bbox 909 1872 1111 1914; x_wconf 87' lang='lat' dir='ltr'><strong>militiam</strong></span> <span class='ocrx_word' id='word_1_228' title='bbox 1143 1871 1443 1928; x_wconf 85' lang='lat' dir='ltr'><strong>subterfugere</strong></span> 
     </span>
     <span class='ocr_line' id='line_1_33' title="bbox 100 1930 1441 1986; baseline 0 -13"><span class='ocrx_word' id='word_1_229' title='bbox 100 1931 298 1973; x_wconf 86' lang='lat' dir='ltr'><strong>voluisse.</strong></span> <span class='ocrx_word' id='word_1_230' title='bbox 341 1930 442 1973; x_wconf 91' lang='lat' dir='ltr'><strong>Non</strong></span> <span class='ocrx_word' id='word_1_231' title='bbox 467 1931 697 1973; x_wconf 88' lang='lat' dir='ltr'><strong>honestum</strong></span> <span class='ocrx_word' id='word_1_232' title='bbox 726 1931 965 1984; x_wconf 90' lang='lat' dir='ltr'><strong>consilium,</strong></span> <span class='ocrx_word' id='word_1_233' title='bbox 998 1934 1044 1972; x_wconf 91' lang='lat' dir='ltr'><strong>at</strong></span> <span class='ocrx_word' id='word_1_234' title='bbox 1065 1931 1184 1985; x_wconf 89' lang='lat' dir='ltr'><strong>utile,</strong></span> <span class='ocrx_word' id='word_1_235' title='bbox 1215 1933 1264 1972; x_wconf 89' lang='lat' dir='ltr'><strong>ut</strong></span> <span class='ocrx_word' id='word_1_236' title='bbox 1284 1931 1441 1986; x_wconf 89' lang='lat' dir='ltr'><strong>aliquis</strong></span> 
     </span>
     <span class='ocr_line' id='line_1_34' title="bbox 99 1989 1442 2046; baseline 0.001 -15"><span class='ocrx_word' id='word_1_237' title='bbox 99 1989 285 2032; x_wconf 86' lang='lat' dir='ltr'><strong>fortasse</strong></span> <span class='ocrx_word' id='word_1_238' title='bbox 318 1989 486 2044; x_wconf 85' lang='lat' dir='ltr'><strong>dixerit,</strong></span> <span class='ocrx_word' id='word_1_239' title='bbox 517 2003 698 2046; x_wconf 91' lang='lat' dir='ltr'><strong>regnare</strong></span> <span class='ocrx_word' id='word_1_240' title='bbox 731 1992 774 2031; x_wconf 90' lang='lat' dir='ltr'><strong>et</strong></span> <span class='ocrx_word' id='word_1_241' title='bbox 805 1989 980 2031; x_wconf 87' lang='lat' dir='ltr'><strong>Ithacae</strong></span> <span class='ocrx_word' id='word_1_242' title='bbox 1011 1989 1154 2031; x_wconf 82' lang='lat' dir='ltr'><strong>vivere</strong></span> <span class='ocrx_word' id='word_1_243' title='bbox 1187 1989 1325 2031; x_wconf 88' lang='lat' dir='ltr'><strong>otiose</strong></span> <span class='ocrx_word' id='word_1_244' title='bbox 1345 2004 1442 2032; x_wconf 91' lang='lat' dir='ltr'><strong>cum</strong></span> 
     </span>
     <span class='ocr_line' id='line_1_35' title="bbox 99 2047 1443 2104; baseline -0.001 -13"><span class='ocrx_word' id='word_1_245' title='bbox 99 2049 364 2104; x_wconf 89' lang='lat' dir='ltr'><strong>parentibus,</strong></span> <span class='ocrx_word' id='word_1_246' title='bbox 396 2063 492 2091; x_wconf 91' lang='lat' dir='ltr'><strong>cum</strong></span> <span class='ocrx_word' id='word_1_247' title='bbox 522 2063 666 2102; x_wconf 80' lang='lat' dir='ltr'><strong>uxore,</strong></span> <span class='ocrx_word' id='word_1_248' title='bbox 698 2063 793 2091; x_wconf 88' lang='lat' dir='ltr'><strong>cum</strong></span> <span class='ocrx_word' id='word_1_249' title='bbox 825 2049 927 2090; x_wconf 91' lang='lat' dir='ltr'><strong>filio.</strong></span> <span class='ocrx_word' id='word_1_250' title='bbox 983 2047 1133 2091; x_wconf 92' lang='lat' dir='ltr'>Ullum</span> <span class='ocrx_word' id='word_1_251' title='bbox 1164 2051 1213 2090; x_wconf 91' lang='lat' dir='ltr'><strong>tu</strong></span> <span class='ocrx_word' id='word_1_252' title='bbox 1239 2048 1365 2090; x_wconf 89' lang='lat' dir='ltr'><strong>decus</strong></span> <span class='ocrx_word' id='word_1_253' title='bbox 1397 2049 1443 2090; x_wconf 90' lang='lat' dir='ltr'><strong>in</strong></span> 
     </span>
     <span class='ocr_line' id='line_1_36' title="bbox 101 2107 1442 2162; baseline -0.001 -13"><span class='ocrx_word' id='word_1_254' title='bbox 101 2108 326 2150; x_wconf 90' lang='lat' dir='ltr'><strong>cotidianis</strong></span> <span class='ocrx_word' id='word_1_255' title='bbox 358 2108 581 2150; x_wconf 87' lang='lat' dir='ltr'><strong>laboribus</strong></span> <span class='ocrx_word' id='word_1_256' title='bbox 614 2110 657 2149; x_wconf 90' lang='lat' dir='ltr'><strong>et</strong></span> <span class='ocrx_word' id='word_1_257' title='bbox 683 2108 886 2162; x_wconf 88' lang='lat' dir='ltr'><strong>periculis</strong></span> <span class='ocrx_word' id='word_1_258' title='bbox 907 2122 1002 2150; x_wconf 89' lang='lat' dir='ltr'><strong>cum</strong></span> <span class='ocrx_word' id='word_1_259' title='bbox 1022 2107 1102 2149; x_wconf 89' lang='lat' dir='ltr'><strong>hac</strong></span> <span class='ocrx_word' id='word_1_260' title='bbox 1121 2108 1442 2162; x_wconf 84' lang='lat' dir='ltr'><strong>tranquillitate</strong></span> 
     </span>
    </p>

    <p class='ocr_par' dir='ltr' id='par_1_9' title="bbox 47 2166 1506 2340">
     <span class='ocr_line' id='line_1_37' title="bbox 47 2166 1441 2222; baseline -0.001 -14"><span class='ocrx_word' id='word_1_261' title='bbox 47 2177 81 2204; x_wconf 78' lang='lat'><strong>³⁵</strong></span> <span class='ocrx_word' id='word_1_262' title='bbox 102 2166 402 2209; x_wconf 87' lang='lat' dir='ltr'><strong>conferendum</strong></span> <span class='ocrx_word' id='word_1_263' title='bbox 440 2166 601 2222; x_wconf 82' lang='lat' dir='ltr'><strong>putas?</strong></span> <span class='ocrx_word' id='word_1_264' title='bbox 644 2166 739 2222; x_wconf 86' lang='lat' dir='ltr'><strong>Ego</strong></span> <span class='ocrx_word' id='word_1_265' title='bbox 778 2180 879 2208; x_wconf 89' lang='lat' dir='ltr'><strong>vero</strong></span> <span class='ocrx_word' id='word_1_266' title='bbox 917 2166 1047 2207; x_wconf 87' lang='lat' dir='ltr'><strong>istam</strong></span> <span class='ocrx_word' id='word_1_267' title='bbox 1085 2166 1441 2208; x_wconf 87' lang='lat' dir='ltr'><strong>contemnendam</strong></span> 
     </span>
     <span class='ocr_line' id='line_1_38' title="bbox 100 2225 1441 2280; baseline -0.001 -13"><span class='ocrx_word' id='word_1_268' title='bbox 100 2228 144 2267; x_wconf 87' lang='lat' dir='ltr'><strong>et</strong></span> <span class='ocrx_word' id='word_1_269' title='bbox 175 2225 452 2279; x_wconf 88' lang='lat' dir='ltr'><strong>abiciendam,</strong></span> <span class='ocrx_word' id='word_1_270' title='bbox 485 2225 700 2280; x_wconf 91' lang='lat' dir='ltr'><strong>quoniam,</strong></span> <span class='ocrx_word' id='word_1_271' title='bbox 733 2240 840 2280; x_wconf 87' lang='lat' dir='ltr'><strong>quae</strong></span> <span class='ocrx_word' id='word_1_272' title='bbox 865 2225 1049 2267; x_wconf 88' lang='lat' dir='ltr'><strong>honesta</strong></span> <span class='ocrx_word' id='word_1_273' title='bbox 1074 2240 1163 2267; x_wconf 89' lang='grc'>11011</span> <span class='ocrx_word' id='word_1_274' title='bbox 1188 2225 1257 2279; x_wconf 90' lang='lat' dir='ltr'><strong>sit,</strong></span> <span class='ocrx_word' id='word_1_275' title='bbox 1287 2239 1341 2267; x_wconf 89' lang='grc'><strong>110</strong></span> <span class='ocrx_word' id='word_1_276' title='bbox 1361 2225 1441 2266; x_wconf 86' lang='lat' dir='ltr'><strong>uti-</strong></span> 
     </span>
     <span class='ocr_line' id='line_1_39' title="bbox 100 2283 1506 2340; baseline -0.001 -14"><span class='ocrx_word' id='word_1_277' title='bbox 100 2284 187 2326; x_wconf 91' lang='lat' dir='ltr'><strong>lem</strong></span> <span class='ocrx_word' id='word_1_278' title='bbox 218 2284 389 2339; x_wconf 89' lang='lat' dir='ltr'><strong>quidem</strong></span> <span class='ocrx_word' id='word_1_279' title='bbox 421 2298 512 2326; x_wconf 87' lang='lat' dir='ltr'><strong>esse</strong></span> <span class='ocrx_word' id='word_1_280' title='bbox 539 2284 738 2326; x_wconf 87' lang='lat' dir='ltr'><strong>arbitror.</strong></span> <span class='ocrx_word' id='word_1_281' title='bbox 783 2283 892 2333; x_wconf 85' lang='lat' dir='ltr'><strong>Quid</strong></span> <span class='ocrx_word' id='word_1_282' title='bbox 912 2284 1026 2326; x_wconf 91' lang='lat' dir='ltr'><strong>enim</strong></span> <span class='ocrx_word' id='word_1_283' title='bbox 1046 2284 1291 2326; x_wconf 87' lang='lat' dir='ltr'><strong>auditurum</strong></span> <span class='ocrx_word' id='word_1_284' title='bbox 1312 2286 1439 2340; x_wconf 86' lang='lat' dir='ltr'><strong>putas</strong></span> <span class='ocrx_word' id='word_1_285' title='bbox 1466 2290 1506 2326; x_wconf 81' lang='lat'><strong>9‘3</strong></span> 
     </span>
    </p>
   </div>
   <div class='ocr_carea' id='block_1_4' title="bbox 1458 1670 1514 1753">
    <p class='ocr_par' dir='ltr' id='par_1_10' title="bbox 1458 1670 1514 1753">
     <span class='ocr_line' id='line_1_40' title="bbox 1458 1670 1514 1753; baseline 0.036 -42"><span class='ocrx_word' id='word_1_286' title='bbox 1458 1670 1514 1753; x_wconf 70' lang='grc'><strong>296</strong></span> 
     </span>
    </p>
   </div>
  </div>
 </body>
</html>
