1673 2505
521 112 744 148 INCERTA‚
772 113 814 146 K.
841 117 901 147 8-
912 117 966 148 28.
1326 115 1411 154 413

84 221 175 264 VII
203 235 244 274 p.
280 222 346 262 54.
371 223 436 262 ⁴16
472 220 531 261 Et
571 221 617 261 in
651 220 855 273 plerisque
892 219 1027 261 Cicero
1069 221 1227 261 videtur
1268 221 1413 261 auditu

76 292 257 322 emensus
292 280 564 332 scriptionem,
601 280 672 331 qui
707 282 743 319 ct
776 277 998 319 ‘Aiiacem'
1035 281 1073 319 et
1103 277 1308 318 ‘Maiiam'
1338 292 1414 330 per

76 340 155 381 duo
185 339 202 378 i
231 337 440 379 scribenda
471 338 725 378 existimavit.

169 397 233 438 19.
260 396 352 438 Sen.
377 410 434 450 ep.
460 399 549 437 111.
574 400 599 437 1
627 395 734 446 Quid
762 399 948 436 vocentur
971 395 1121 436 Latine
1152 396 1413 448 σοφίσματα,

42 465 59 490 ⁵
77 456 240 509 quaeris
264 469 291 495 a
315 468 387 496 me.
435 455 564 496 Multi
596 457 888 506 temptaverunt
916 455 1002 495 illis
1031 467 1176 495 nomen
1200 455 1413 506 imponere,

77 514 237 555 nullum
267 513 397 555 haesit
430 537 493 554 —.
541 513 815 564 Aptissimum
846 517 979 553 tamen
1008 513 1165 554 videtur
1195 512 1308 565 mihi,
1337 526 1414 564 quo

78 571 212 615 Cicero
242 585 341 613 usus
370 575 448 613 est:
481 570 807 612 ‘cavillationes’
839 575 960 612 vocat.
994 596 1048 601 —
1081 570 1142 623 Cf.
1175 570 1254 613 Cic.
1286 571 1414 612 Acad.

77 631 137 672 II
162 634 231 673 24.
265 633 318 672 75
350 632 547 671 contorta
584 632 625 670 eb
657 630 851 671 aculeata
889 631 1097 684 quaedam
1129 630 1415 684 sophismata3

80 690 139 731 sic
172 689 282 730 enim
317 688 589 743 appellantur
621 688 796 730 fallaces
829 689 1208 730 conclusiunculae.

26 757 59 782 10
167 748 252 800 [20.
284 747 392 789 Serv.
426 747 537 800 Very.
568 747 658 789 ΕΟΖ.
686 747 751 788 VI
775 751 831 789 33
860 748 1032 800 Istssqm'dz‘
1061 747 1192 802 iynis]
1225 746 1343 800 Puri,
1373 747 1416 788 id

78 810 137 849 est
164 806 347 857 aetherei,
377 820 493 859 quem
526 805 661 848 Cicero
693 805 894 860 ‘ignitum
926 805 1151 860 liquorem'
1183 807 1308 857 elicit]

167 865 253 917 [21.
284 864 394 906 Serv.
426 864 537 918 Very.
568 865 657 906 Ecl.
688 864 763 905 IX
791 868 849 906 42
881 864 1037 907 Cicero:
1070 865 1415 918 umbraculisque

80 923 364 965 silvestribus.
404 948 453 952 —
494 923 556 975 Cf.
594 924 640 965 de
677 924 770 976 lcyy.
811 924 890 977 foy.
927 927 954 964 4
998 924 1042 964 in
1085 923 1174 964 illis
1219 923 1415 964 alnorum

79 982 372 1034 umbraculis]

27 1056 60 1081 ιε)
168 1043 235 1082 22.
272 1042 489 1094 Aicyustin.
527 1042 649 1094 reyul.
684 1042 730 1082 T.
770 1041 810 1082 V
825 1055 869 1094 p.
900 1043 991 1082 516.
1021 1044 1077 1082 17
1107 1041 1215 1082 Keil.
1247 1040 1417 1082 Dictum

79 1104 137 1142 est
153 1114 181 1142 a
200 1099 385 1142 Cicerone
402 1101 450 1141 cle
459 1099 712 1153 philosophis
732 1099 1034 1150 emorburiunlz’,
1053 1101 1160 1140 mori
1177 1100 1416 1141 desiderant.

170 1159 236 1200 23.
269 1158 428 1200 Charis.
459 1158 492 1199 Ι
509 1173 553 1211 p.
584 1162 677 1206 137.
708 1161 768 1200 27
799 1157 1030 1199 ‘Maioreis'
1063 1157 1216 1208 Cicero,
1252 1162 1301 1199 ut
1328 1158 1415 1199 Pli-

78 1218 174 1259 nius
204 1218 338 1259 eodeni
369 1217 470 1258 libro
500 1217 596 1270 (VI
620 1217 734 1258 dubii
764 1217 980 1269 sermonis)
1010 1220 1135 1258 notat.

168 1277 236 1317 24.
273 1277 398 1318 Aius.
435 1276 558 1317 Mess.
588 1290 632 1328 p.
663 1278 755 1317 222
790 1275 918 1317 Doleo
954 1276 1076 1316 viceni
1113 1279 1244 1325 tuam,
1281 1276 1327 1317 id
1362 1279 1417 1317 est

26 1350 61 1374 20
73 1339 240 1389 propter
265 1338 300 1376 te
323 1335 443 1376 doleo.
494 1334 629 1376 Cicero
654 1335 701 1376 de
725 1336 862 1376 domo:
896 1336 938 1375 et
963 1334 1024 1375 rei
1049 1350 1089 1389 p.
1115 1334 1251 1376 vicem
1277 1334 1417 1389 lugeo.

84 1419 134 1424 —
176 1394 221 1435 V.
251 1394 396 1435 Halm.
427 1395 474 1435 cle
503 1407 546 1435 re
570 1407 612 1446 10.
637 1408 680 1445 p.
711 1395 806 1435 852.
837 1396 905 1435 20.

168 1453 236 1494 25.
267 1452 369 1494 Isicl.
400 1452 548 1503 Differ.
579 1456 660 1494 191
693 1452 739 1493 T.
766 1452 807 1493 V
821 1466 864 1504 10.
896 1454 953 1494 25
984 1452 1147 1494 Areval.
1181 1452 1416 1504 <Effermu’‚

79 1512 150 1565 qui
181 1515 410 1565 exportant,
434 1525 512 1564 per
541 1512 619 1552 duo
647 1511 679 1564 f,
712 1510 897 1563 ‘eferunff
929 1514 1081 1561 autem,
1111 1512 1184 1563 qui
1212 1511 1417 1553 laudando

82 1571 289 1623 extollunt,
320 1584 397 1623 per
426 1583 556 1610 uiimn
584 1570 615 1622 fl
676 1569 832 1611 Cicero:
870 1568 1065 1611 Nimium
1094 1569 1281 1611 fortasse
1312 1570 1417 1612 haec

47 1642 62 1668 5
83 1629 149 1670 illi
182 1629 360 1670 eferunt.

168 1688 237 1729 26.
262 1689 434 1741 Auyust.
458 1688 581 1741 reynl.
610 1688 654 1729 T.
689 1687 729 1729 V
744 1701 788 1740 p.
813 1689 909 1729 520.
933 1690 992 1729 26
1016 1686 1071 1728 Κ.
1104 1687 1184 1730 Ubi
1209 1689 1417 1741 yeminata

79 1761 109 1788 u
137 1747 270 1788 littera
299 1747 346 1788 in
375 1747 625 1788 nominativo
656 1749 723 1796 est,
753 1760 900 1788 nomen
929 1750 996 1797 est,
1027 1760 1110 1787 non
1133 1747 1416 1800 participium,

80 1809 127 1846 ut
157 1805 322 1859 ‘fatuus‚
353 1807 562 1858 inyenuus‚
594 1805 762 1855 arduus,
794 1806 987 1859 carduus,
1018 1806 1204 1858 exiquus,
1235 1805 1416 1859 beluus',

80 1868 127 1905 ut
156 1863 294 1906 Cicero
325 1865 448 1918 dixit,
478 1868 516 1905 et
545 1865 659 1905 talia.

47 1935 63 1960 ο
170 1923 237 1964 27.
257 1920 416 1965 Charis.
435 1922 468 1964 I
484 1937 529 1976 p.
548 1926 643 1965 132.
661 1926 721 1965 27
741 1922 878 1964 ‘Irim’
898 1937 977 1975 pro
998 1922 1184 1965 ‘Iridem'
1203 1924 1329 1965 Maro
1353 1948 1417 1976 —‚

81 1995 172 2023 cum
202 1985 349 2023 constet
379 1983 517 2023 omnia
543 1981 722 2024 Graecae
751 1983 908 2035 fiyurae
932 1983 1183 2023 nominativo
1213 1983 1418 2036 sinyulari

80 2041 117 2082 is
146 2040 305 2095 syllaba
342 2042 562 2082 terminata
593 2042 771 2094 yenetico
807 2041 1012 2094 sinyulari
1047 2041 1204 2094 syllaba
1240 2055 1417 2094 crescere,

81 2099 172 2141 licet
207 2099 338 2142 Varro
374 2103 412 2141 et
443 2100 605 2141 Tullius
640 2104 677 2141 et
707 2099 872 2142 Cincius
904 2124 958 2128 —
991 2098 1128 2142 ‘huius
1158 2098 1349 2155 Sarapis'
1381 2104 1418 2142 et

83 2157 218 2200 ‘huius
249 2157 345 2199 Isis'
377 2159 566 2201 discerent.

47 2227 62 2253 5
170 2217 257 2269 [28.
288 2217 407 2260 Prob.
438 2217 580 2259 cathol.
611 2217 644 2258 I
672 2218 716 2258 T.
748 2218 824 2260 IV
842 2232 884 2271 p.
915 2220 984 2259 28.
1015 2222 1071 2259 17
1100 2221 1138 2259 et
1165 2218 1279 2259 Mar.
1310 2218 1415 2259 Plot.

80 2280 157 2317 art.
190 2289 364 2330 yramm.
395 2276 455 2318 II
483 2277 528 2318 T.
568 2276 635 2318 VI
660 2291 702 2329 p.
732 2280 829 2318 479.
849 2281 887 2326 ,9
926 2276 1042 2328 Quod
1075 2276 1298 2318 Sallustius
1334 2278 1415 2317 ait:

82 2333 152 2377 ‘ad
163 2335 309 2376 bellum
323 2335 440 2377 Persi
452 2334 789 2387 Macedonicum'‚
808 2349 891 2376 non
909 2336 1214 2378 declinationem
1233 2336 1415 2388 mutavit,
