1663 2490
221 74 304 114 140
538 72 661 107 CATO
688 72 846 107 MAIOR
871 72 934 107 DE
963 71 1243 107 SENECTUTE

219 181 279 222 eis
311 181 555 233 elaborant,
597 194 705 234 quae
743 180 884 221 sciunt
920 179 1030 220 nihil
1069 179 1122 220 ad
1154 193 1199 221 se
1231 179 1404 221 omnino
1435 180 1563 235 perti-

217 254 336 281 nere:
374 237 534 280 ‘Serit
572 239 800 291 arbores,
845 251 971 291 quae
1009 238 1165 279 alteri
1210 238 1414 280 saeculo
1451 252 1563 293 pro-

150 309 191 340 25
220 297 357 352 sint',
387 300 437 339 ut
469 297 531 339 ait
563 295 728 338 Statius
759 298 909 337 noster
938 296 984 336 in
1009 294 1290 351 Synephebis.
1340 295 1432 338 Nec
1462 311 1562 339 vero

220 357 390 398 dubitat
429 355 639 411 agricola,
683 354 879 409 quamvis
924 354 982 395 sit
1026 369 1170 408 seneX‚
1214 354 1453 409 quaerenti,
1496 355 1564 397 cui

221 418 348 469 serat,
380 415 654 469 respondere:
687 412 799 454 ‘Dis
831 413 1217 468 inmortalibus,
1249 414 1333 468 qui
1365 427 1438 455 me
1465 428 1564 455 non
1600 424 1617 450 ⁵

220 474 454 528 accipere
480 473 626 514 modo
653 472 775 513 haec
801 486 827 513 a
851 472 1135 514 maioribus
1161 473 1454 525 voluerunt,
1479 472 1564 514 sed

221 533 375 574 etiam
414 531 640 586 posteris
678 530 921 585 prodere?
982 530 1042 572 Et
1079 531 1231 572 melius
1264 530 1474 572 Caecilius
1514 531 1564 572 de

222 606 321 632 sene
354 590 481 631 alteri
514 590 684 631 saeculo
717 589 1006 644 prospiciente
1038 604 1167 643 quam
1198 589 1307 630 illud
1337 590 1467 631 idem:

279 649 492 703 Edep6l,
525 651 783 702 senectus,
815 662 858 688 Sl
888 648 963 688 nil
996 648 1264 702 quicquam
1297 648 1437 689 aliud
1468 648 1565 690 viti

279 708 538 762 Adp6rtes
560 710 737 761 tecum,
758 681 866 748 c'um
886 707 1114 761 advenis,
1133 721 1283 748 unum
1302 705 1352 747 id
1373 711 1452 748 sat
1469 711 1564 761 est,
1585 718 1617 743 10
1655 721 1663 745 ιι

280 766 420 814 Quod
441 764 525 807 d1'u
544 765 762 807 vivendo
783 766 963 819 multa,
990 779 1116 819 quae
1135 779 1234 806 non
1258 765 1385 818 v6lt‚
1412 765 1565 807 videt.

219 825 278 866 Et
309 825 448 866 multa
478 824 682 878 fortasse,
715 839 823 878 quae
854 825 963 865 volt!
1002 826 1131 878 atque
1162 824 1208 865 in
1239 839 1307 874 ea,
1339 839 1447 878 quae
1478 838 1566 866 non

222 884 331 937 volt,
376 898 503 938 saepe
547 883 679 925 etiam
724 883 1014 924 adulescentia
1056 883 1246 924 incurrit.
1308 881 1423 923 Illud
1463 897 1564 925 vero

219 943 332 984 idem
365 941 576 984 Caecilius
610 941 824 983 vitiosius:

280 1000 401 1042 Tum
440 1001 671 1054 equidem
709 998 759 1040 in
799 1003 1005 1041 senecta
1042 1000 1136 1042 hoc
1167 1000 1355 1054 deputo
1388 1000 1618 1041 miser-1⁵
1650 1014 1662 1039 ιε

1186 1058 1388 1112 rimum,

280 1117 484 1160 Sentire
504 1133 560 1159 ea
580 1120 752 1159 aetate
772 1119 978 1172 eumpse
1004 1132 1114 1158 esse
1140 1117 1370 1158 odiosum
1396 1117 1564 1159 alteri.

150 1189 192 1220 ‘26
220 1177 457 1219 Iucundum
488 1177 633 1232 potius
667 1191 796 1231 quam
829 1177 1035 1218 odiosum.
1084 1175 1145 1217 Ut
1177 1176 1290 1217 enim
1322 1176 1564 1217 adulescen-

220 1237 335 1278 tibus
366 1236 481 1278 bona
505 1236 649 1277 indole
674 1235 880 1290 praeditis
908 1235 1122 1290 sapientes
1150 1249 1271 1276 senes
1299 1235 1565 1276 delectantur

220 1295 439 1348 leviorque
471 1294 521 1335 fit
552 1296 748 1336 senectus
781 1308 938 1348 eorum,
972 1293 1044 1348 qui
1070 1308 1095 1335 a
1119 1294 1341 1334 iuventute
1366 1294 1565 1335 coluntur
1647 1309 1658 1334 m

220 1357 263 1395 et
295 1353 553 1408 diliguntur,
592 1353 653 1394 sic
685 1353 979 1394 adulescentes
1012 1366 1161 1393 senum
1192 1353 1432 1407 praeceptis
1465 1366 1565 1407 gau·
1584 1364 1618 1389 20

220 1413 332 1466 dent,
364 1411 519 1466 quibus
552 1411 606 1453 ad
637 1411 848 1453 virtutum
880 1411 1023 1452 studia
1055 1411 1284 1465 ducuntur3
1314 1425 1391 1452 nec
1423 1411 1564 1452 minus

219 1472 426 1526 intellego
460 1484 528 1511 me
559 1470 683 1512 vobis
716 1485 846 1524 quam
871 1470 977 1511 mihi
1002 1483 1078 1511 vos
1105 1484 1197 1511 esse
1221 1469 1439 1512 iucundos.
1483 1468 1565 1511 Sed

219 1530 393 1583 videtis,
434 1533 481 1570 ut
520 1532 714 1571 senectus
752 1544 839 1570 non
875 1529 1002 1570 modo
1040 1528 1246 1584 languida
1284 1531 1412 1583 atque
1450 1529 1563 1570 iners

219 1603 307 1630 non
345 1590 420 1642 sit,
463 1603 613 1630 verum
657 1588 787 1629 etiam
831 1588 888 1628 sit
925 1601 1108 1642 operosa
1145 1591 1188 1628 et
1225 1602 1393 1642 semper
1431 1602 1563 1643 agens
1645 1593 1663 1632 ui

220 1647 383 1702 aliquid
422 1650 465 1689 et
502 1647 703 1701 moliens,
739 1647 828 1688 tale
866 1647 1047 1700 scilicet⁷
1085 1647 1210 1700 quale
1241 1646 1444 1700 cuiusque
1477 1649 1616 1687 stu-2⁵
1660 1668 1663 1690 ι

221 1706 337 1747 dium
369 1706 414 1747 in
453 1706 673 1760 superiore
711 1705 802 1747 vita
844 1706 937 1747 fuit.
999 1703 1138 1753 Quid?
1177 1705 1249 1759 qui
1288 1705 1417 1746 etiam
1450 1705 1564 1746 addi·
1660 1725 1663 1750 ι

220 1768 344 1806 scunt
364 1764 557 1819 aliquid?
583 1767 632 1805 ut
658 1767 701 1805 et
721 1762 921 1806 Solonem
948 1764 1144 1806 versibus
1171 1763 1429 1818 gloriantem
1452 1764 1564 1805 vide-
1659 1784 1663 1810 ι

220 1838 332 1877 mus,
374 1824 446 1878 qui
485 1838 529 1864 se
568 1823 723 1865 cotidie
762 1823 924 1877 aliquid
962 1823 1252 1864 addiscentem
1284 1823 1387 1864 dicit
1419 1837 1562 1864 senem
1659 1838 1663 1869 1

218 1883 327 1936 fieri,
373 1885 415 1923 et
453 1896 534 1938 ego
571 1882 671 1936 feci,
715 1882 788 1936 qui
826 1883 994 1923 litteras
1028 1880 1213 1923 Graecas
1252 1895 1379 1922 senex
1418 1882 1563 1935 didici3
1646 1890 1663 1928 ιιι

220 1956 325 1995 quas
358 1941 530 1996 quidem
564 1941 624 1983 sic
656 1940 778 1983 avide
811 1941 973 1996 arripui
1006 1940 1128 1995 quasi
1166 1940 1411 1981 diuturnam
1444 1940 1562 1981 sitim
1581 1951 1616 1978 so
1659 1947 1662 1987 ῂ

219 2000 386 2055 explere
419 2000 613 2054 cupiens,
649 2003 698 2041 ut
730 2014 780 2041 ea
810 2000 906 2055 ipsa
938 1999 1043 2041 mihi
1074 2002 1179 2040 nota
1208 2002 1369 2052 essent,
1408 1999 1562 2053 quibus
1659 2020 1663 2046 ς

219 2074 285 2100 me
304 2073 416 2100 nunc
437 2059 644 2113 exemplis
671 2059 736 2100 uti
761 2058 928 2100 videtis.
979 2057 1100 2107 Quod
1126 2072 1221 2099 cum
1244 2057 1396 2099 fecisse
1417 2056 1564 2099 Socra·
1658 2080 1663 2119 Ι

218 2122 305 2159 tem
337 2118 382 2158 in
412 2117 568 2158 fidibus
608 2117 817 2171 audirem,
858 2118 1014 2159 vellem
1053 2116 1249 2170 equidem
1288 2116 1418 2157 etiam
1455 2116 1563 2158 illud
1658 2122 1663 2164 (

219 2176 461 2232 (discebant
493 2176 606 2217 enim
637 2176 794 2218 fidibus
827 2176 1033 2231 antiqui),
1071 2175 1144 2216 sed
1181 2176 1227 2216 in
1258 2175 1416 2216 litteris
1449 2177 1562 2217 certe
1644 2190 1663 2223 η

217 2236 448 2277 elaboravi.
1579 2244 1612 2273 ³⁵
1657 2255 1663 2282 ς

146 2274 190 2356 29}
305 2293 396 2336 Nec
432 2308 543 2335 nunc
583 2293 753 2349 quidem
792 2294 903 2334 vires
943 2293 1135 2334 desidero
1175 2292 1459 2335 adulescentis
1505 2291 1560 2347 (is
1657 2303 1663 2339 ι

168 534 193 574 (Υ.)
