1663 2490
466 66 554 102 LIB.
581 67 609 102 Ι.
649 67 749 103 CAP.
777 72 810 111 4,
836 72 867 103 5.
907 72 926 111 g
954 73 1102 104 11—17.
1427 70 1452 110 ‘1

113 174 211 216 dam
247 176 374 229 putat
417 177 641 228 cavetque,
683 189 736 217 ne
780 175 882 230 quid
918 175 1115 218 indecore
1156 176 1452 219 effeminateve

111 233 261 286 faciat,
305 235 397 274 tum
441 232 484 274 in
525 233 722 275 omnibus
761 236 804 275 et
841 234 1115 289 opinionibus
1154 237 1197 276 et
1235 235 1361 277 factis
1399 249 1452 277 ne

112 291 213 345 quid
234 291 474 332 lubidinose
495 294 570 332 aut
590 291 722 334 faciat
743 295 818 334 aut
838 293 1010 349 cogitet.
1055 292 1218 341 Quibus
1245 308 1295 334 ex
1324 294 1451 336 rebus

112 349 320 391 conflatur
359 352 402 391 et
439 349 622 391 efficitur
659 351 720 405 id,
758 352 871 405 quod
910 351 1173 406 quaerimus,
1210 352 1452 407 honestum,

75 420 92 446 5
112 408 224 462 quod
251 408 421 450 etiamsi
446 409 723 451 nobilitatum
748 424 836 451 non
862 410 931 465 sit,
956 413 1102 452 tamen
1126 410 1355 452 honestum
1383 412 1452 466 sit,

111 467 307 521 quodque
333 481 430 508 vere
457 467 648 523 dicimus,
674 469 844 510 etiamsi
870 484 895 511 a
919 469 1037 511 nullo
1061 469 1270 518 laudetur,
1295 472 1452 512 natura

110 540 203 567 esse
236 525 463 567 laudabile.

197 583 398 626 Formam
438 585 608 638 quidem
646 586 803 640 ipsam,
847 586 989 629 Marce
1026 587 1107 640 fili,
1145 589 1188 628 et
1228 590 1451 642 tamquam
1478 595 1504 621 0

108 642 261 685 faciem
293 642 464 685 honesti
497 643 632 698 vides,
672 644 819 699 ‘quae
859 645 900 686 si
938 646 1102 687 oculis
1135 649 1451 700 cerneretur,

58 714 89 739 ιο
109 702 378 743 mirabiles
415 702 648 757 amores',
689 706 738 744 ut
775 703 836 745 ait
872 703 1018 758 Plato,
1063 704 1339 746 ‘excitaret
1375 719 1451 747 sa-

108 760 373 816 pientiae’.
423 759 505 802 Sed
528 775 666 815 omne,
692 762 806 816 quod
832 766 897 804 est
916 763 1157 818 honestum,
1182 763 1226 804 id
1246 766 1452 818 quattuor

108 820 296 874 partium
336 819 473 861 oritur
512 834 561 861 ex
600 820 761 874 aliqua:
805 824 879 863 aut
916 822 1028 863 enim
1066 822 1109 863 in
1147 822 1452 877 perspicientia

107 878 198 919 veri
236 878 515 933 sollertiaque
552 882 749 920 versatur
787 884 862 921 aut
897 880 942 922 in
984 880 1207 922 hominum
1246 881 1450 924 societate

108 936 267 978 tuenda
297 937 623 1003 tribuendoque
643 952 765 979 suum
792 938 942 993 cuique
975 942 1018 980 et
1042 953 1186 980 rerum
1213 942 1451 982 contracta-

57 1007 88 1033 15
108 1010 204 1037 rum
240 994 323 1036 fide
362 998 438 1037 aut
473 996 519 1037 in
556 997 688 1038 animi
726 997 882 1039 excelsi
922 1001 1051 1052 atque
1093 998 1245 1039 invicti
1287 1000 1451 1055 magni-

107 1054 254 1095 tudine
287 1069 335 1096 ac
366 1054 521 1096 robore
553 1057 628 1096 aut
659 1055 704 1096 in
735 1056 945 1121 omnium,
977 1071 1084 1111 quae
1116 1056 1226 1098 fiunt
1259 1072 1451 1112 quaeque

107 1112 323 1167 dicuntur,
361 1113 509 1154 ordine
547 1116 590 1155 et
626 1114 771 1169 modo,
808 1115 853 1155 in
891 1129 975 1169 quo
1014 1115 1127 1157 inest
1163 1115 1376 1158 modestia
1408 1119 1451 1158 et

106 1171 406 1227 temperantia.
443 1171 568 1220 Quae
594 1175 799 1227 quattuor
825 1188 1085 1228 quamquam
1110 1174 1223 1216 inter
1243 1189 1288 1216 se
1316 1175 1433 1217 colh-
1448 1182 1520 1226 (15)

107 1233 211 1286 gata
249 1233 377 1285 atque
415 1231 637 1286 implicata
675 1235 792 1287 sunt,
836 1236 982 1274 tamen
1023 1247 1073 1274 ex
1111 1233 1295 1289 singulis
1334 1236 1451 1276 certa

53 1301 87 1327 20
108 1289 348 1331 officiorum
382 1303 540 1345 genera
568 1294 820 1345 nascuntur,
854 1292 974 1333 velut
1005 1306 1055 1333 ex
1088 1306 1137 1333 ea
1167 1295 1309 1347 parte,
1342 1307 1450 1347 quae

105 1348 248 1414 prima
279 1348 485 1404 discripta
517 1351 594 1403 est,
625 1350 671 1391 in
703 1365 787 1404 qua
813 1350 1069 1405 sapientiam
1102 1354 1145 1392 et
1176 1351 1450 1406 prudentiam

105 1407 319 1462 ponimus,
348 1407 463 1449 inest
493 1408 715 1464 indagatio
749 1412 877 1464 atque
908 1409 1100 1452 inventio
1132 1410 1240 1465 veri,
1275 1411 1449 1477 eiusque

104 1466 279 1507 virtutis
317 1466 399 1508 hoc
436 1444 695 1509 m1mus⁰est
731 1468 965 1523 proprium.
1025 1467 1088 1510 Ut
1120 1469 1233 1510 enim
1268 1469 1448 1536 quisque
1477 1483 1518 1514 16

106 1524 291 1567 maxime
322 1526 546 1580 perspicit,
584 1526 686 1580 quid
721 1527 766 1568 in
796 1541 842 1568 re
874 1541 1042 1582 quaque
1073 1528 1346 1570 verissimum
1380 1529 1449 1583 sit,

52 1596 85 1621 25
106 1583 263 1638 quique
295 1584 542 1626 acutissime
574 1588 618 1626 et
648 1585 867 1627 celerrime
898 1589 1044 1640 potest
1075 1589 1119 1628 et
1143 1587 1286 1629 'videre
1313 1591 1357 1629 et
1382 1602 1449 1629 ex-

103 1642 266 1697 plicare
298 1643 528 1694 rationem,
567 1643 605 1685 is
636 1644 996 1699 prudentissimus
1028 1648 1072 1686 et
1104 1646 1448 1700 sapientissimus

104 1701 186 1743 rite
217 1701 369 1743 haberi
400 1703 523 1744 solet.
573 1701 781 1751 Quocirca
811 1703 910 1746 huic
943 1704 1066 1758 quasi
1091 1705 1285 1760 materia,
1318 1719 1447 1760 quam

103 1762 263 1802 tractet
293 1763 338 1802 et
368 1761 413 1802 in
445 1776 530 1816 qua
560 1765 766 1815 versetur,
798 1762 991 1805 subiecta
1022 1765 1088 1804 est
1112 1764 1284 1806 veritas.
1334 1763 1447 1807 Reli·
1475 1777 1516 1808 17

105 1819 200 1873 quis
239 1821 384 1861 autem
421 1820 562 1862 tribus
600 1820 834 1863 virtutibus
872 1821 1152 1864 necessitates
1196 1823 1446 1878 propositae

50 1888 84 1914 ³0
105 1880 205 1919 sunt
242 1878 296 1920 ad
333 1893 405 1920 eas
443 1894 510 1921 res
548 1879 762 1934 parandas
806 1880 1089 1935 tuendasque,
1133 1881 1287 1936 quibus
1333 1883 1446 1925 actio

102 1937 218 1979 vitae
244 1938 499 1992 continetur,
524 1941 573 1980 ut
600 1941 642 1980 et
668 1939 850 1981 societas
876 1939 1099 1981 hominum
1119 1940 1445 2008 coniunctioque

103 1998 297 2038 servetur
340 1999 383 2038 et
428 1997 561 2039 animi
604 1998 857 2040 excellentia
892 1998 1230 2054 magnitudoque
1267 2015 1363 2042 cum
1401 2001 1446 2042 in

103 2055 309 2110 augendis
347 2055 501 2111 opibus
538 2056 886 2112 utilitatibusque
925 2060 968 2099 et
1006 2057 1088 2099 sibi
1125 2060 1169 2100 et
1206 2059 1294 2100 suis
1333 2074 1445 2101 com·

102 2114 321 2169 parandis,
358 2118 452 2156 tum
490 2115 628 2158 multo
666 2116 805 2172 magis
842 2116 886 2157 in
924 2116 992 2158 his
1023 2117 1130 2172 ipsis
1162 2117 1444 2173 despiciendis

49 2182 83 2208 35
102 2172 278 2215 eluceat.
346 2172 460 2216 Ordo
504 2175 609 2216 item
653 2178 696 2217 et
739 2175 982 2217 constantia
1025 2178 1069 2217 et
1118 2176 1356 2219 moderatio
1401 2183 1445 2219 et

102 2245 164 2286 ea,
195 2246 303 2286 quae
336 2236 435 2274 sunt
466 2233 533 2275 his
566 2233 742 2289 similia,
774 2236 1001 2276 versantur
1031 2234 1077 2276 in
1109 2249 1157 2277 eo
1190 2250 1357 2292 genere,
1390 2237 1444 2278 ad

102 2290 215 2345 quod
247 2294 312 2332 est
344 2291 585 2334 adhibenda
611 2294 723 2335 actio
754 2293 973 2349 quaedam,
1004 2307 1092 2335 non
1118 2294 1257 2336 solum
1285 2295 1442 2337 mentis
