1663 2490
74 135 118 218 ,Ξ

74 631 115 662 11

73 1159 117 1192 12

76 2249 117 2282 13

142 41 229 83 200
685 40 951 77 PARADOXA

143 149 296 204 opinor
339 129 530 203 bonum.)
582 147 664 191 Sed
706 149 812 191 haec
855 148 991 190 videri
1033 153 1215 204 possunt
1260 150 1486 205 odiosiora,
1539 184 1542 186 v

142 222 239 250 cum
270 208 428 250 lentius
461 208 755 263 disputantur3
791 207 883 249 vita
920 209 1049 261 atque
1085 207 1214 251 factis
1252 208 1486 251 inlustrata

144 269 245 308 sunt
276 281 541 309 summorum
573 267 764 308 virorum
794 265 917 319 haec,
956 280 1063 320 quae
1094 267 1237 309 verbis
1271 268 1487 322 subtilius,

144 340 273 380 quam
312 325 418 367 satis
457 328 541 380 est,
585 324 796 380 disputari
832 324 1042 366 videntur.
1103 324 1270 374 Quaero
1309 326 1423 368 enim
1460 342 1487 370 a

142 385 279 439 vobis,
312 399 416 426 num
447 384 582 426 ullam
615 383 923 438 cogitationem
954 383 1156 426 habuisse
1186 384 1412 427 videantur
1443 385 1486 439 ii,
1506 398 1538 423 -5

144 443 217 498 qui
248 443 358 485 hanc
389 457 480 484 rem
506 442 725 497 publicam
751 444 842 483 tam
867 442 1086 497 praeclare
1111 442 1336 485 fundatam
1360 444 1485 486 nobis

142 502 420 556 reliquerunt,
447 503 522 543 aut
548 501 719 557 argenti
744 501 798 542 ad
824 501 1052 542 avaritiam
1077 504 1152 543 aut
1178 503 1486 544 amoenitatum

143 560 198 603 ad
230 560 560 602 delectationem
593 562 667 601 aut
699 560 981 614 supellectilis
1008 559 1062 601 ad
1088 560 1261 603 delicias
1288 564 1363 602 aut
1388 576 1486 617 epu-

143 620 285 661 larum
317 619 370 661 ad
401 619 660 674 voluptates.
709 618 863 660 Ponite
891 621 991 660 ante
1017 620 1161 661 oculos
1186 634 1319 661 unum
1344 635 1486 674 quem-

144 693 225 733 que
256 679 463 720 veterum.
524 677 670 719 Voltis
702 693 728 719 a
757 677 977 719 Romulo?
1008 677 1140 719 voltis
1172 681 1273 733 post
1303 678 1485 721 liberam
1508 693 1539 717 10

143 737 363 779 civitatem
396 737 450 778 ab
482 736 535 778 iis
566 736 686 791 ipsis,
718 736 791 791 qui
821 736 1144 778 liberaverunt?
1199 735 1363 786 Quibus
1394 740 1486 779 tan-

143 796 239 838 dem
284 795 490 851 gradibus
533 795 745 837 Romulus
790 795 978 837 escendit
1025 795 1071 837 in
1120 796 1317 849 caelum?
1366 796 1487 852 iisne,

144 869 252 910 quae
282 855 357 896 isti
388 855 503 896 bona
535 855 776 910 appellant,
813 869 868 896 an
904 854 1032 896 rebus
1071 855 1206 910 gestis
1244 857 1374 910 atque
1405 855 1487 897 vir-

142 914 340 955 tutibus?
402 912 542 962 Quid?
587 928 612 955 a
653 912 798 955 Numa
839 912 1053 967 Pompilio
1097 913 1293 955 minusne
1337 916 1508 970 gratas·

143 973 206 1014 dis
244 973 550 1014 inmortalibus
589 972 818 1027 capudines
857 986 906 1014 ac
941 972 1097 1014 fictiles
1134 973 1312 1014 urnulas
1354 973 1488 1014 fuisse
1506 985 1540 1011 15

144 1047 273 1087 quam
303 1031 501 1074 felicatas
534 1029 750 1073 Saliorum
780 1033 955 1086 pateras
982 1031 1277 1073 arbitramur?
1321 1030 1496 1085 Omitto-

142 1091 352 1146 reliquos;
401 1093 502 1132 sunt
552 1091 664 1132 enim
709 1104 856 1132 omnes
899 1104 1025 1145 pares
1069 1090 1183 1131 inter
1226 1104 1271 1132 se
1315 1093 1500 1146 praeter’

144 1148 397 1205 Superbum.
446 1148 631 1191 Brutum
658 1149 694 1190 si
719 1149 792 1203 qui
817 1151 953 1204 roget,
986 1148 1087 1203 quid
1113 1149 1251 1204 egerit
1275 1149 1320 1190 in
1344 1149 1503 1204 patria·

141 1209 377 1263 liberanda,
405 1208 441 1250 si
467 1208 693 1263 quis-item
718 1207 907 1262 reliquos
935 1207 1124 1249 eiusdem
1144 1207 1313 1250 consilii
1336 1208 1486 1262 socios,

143 1267 245 1322 quid
277 1267 585 1322 spectaverint,
617 1266 720 1321 quid
751 1267 886 1308 secuti
918 1266 1022 1321 sint,
1051 1281 1155 1308 num
1188 1267 1283 1321 quis
1316 1267 1486 1322 existat,
1506 1279 1540 1305 20

142 1327 209 1368 cui
240 1327 455 1381 voluptas,
487 1326 555 1368 cui
581 1325 769 1380 divitiae,
791 1325 868 1379 ‘cui
894 1325 1075 1379 denique
1100 1328 1273 1380 praeter
1298 1325 1489 1368 officium

140 1385 269 1427 fortis
302 1388 344 1426 et
375 1385 523 1441 magni
553 1384 636 1427 viri
662 1382 890 1438 quicquam
917 1383 1033 1425 aliud
1057 1384 1330 1439 propositum
1354 1384 1489 1426 fuisse

142 1444 368 1486 videatur?
433 1443 550 1492 Quae
581 1458 649 1485 res
683 1443 736 1485 ad
766 1457 914 1485 necem
944 1442 1189 1485 Porsennae
1221 1442 1266 1486 O.
1297 1442 1487 1486 Mucium

141 1503 300 1558 inpulit
332 1503 423 1544 sine
454 1503 546 1544 ulla
578 1517 653 1557 spe
685 1502 839 1544 salutis
873 1501 1005 1543 suae?
1039 1516 1147 1556 quae
1178 1501 1244 1544 vis
1277 1500 1487 1544 Coclitem

142 1565 293 1605 contra
325 1576 472 1604 omnes
504 1561 697 1604 hostium
729 1561 874 1616 copias
906 1560 1046 1603 tenuit
1075 1561 1122 1602 in
1151 1563 1283 1616 ponte
1315 1562 1485 1604 solum?
1505 1574 1540 1600 25

143 1636 252 1676 quae
283 1624 452 1677 patrem
477 1620 670 1675 Decium,
703 1634 811 1675 quae
841 1620 980 1662 filium
1012 1620 1169 1663 devota
1198 1620 1290 1663 vita
1320 1621 1487 1663 inmisit

141 1681 187 1723 in
224 1683 416 1722 armatas
452 1679 646 1722 hostium
684 1679 859 1734 copias?
897 1679 999 1734 quid
1036 1679 1300 1722 continentia
1332 1678 1377 1721 O.
1408 1678 1488 1722 Fa-

141 1740 268 1795 brici,
301 1739 403 1795 quid
427 1739 617 1781 tenuitas
643 1738 781 1780 victus
807 1737 874 1781 Μ’.
904 1737 1007 1780 Curi
1038 1738 1326 1793 sequebatur?
1356 1739 1486 1793 quid?

144 1799 225 1841 duo
264 1798 590 1854 propugnacula
626 1798 732 1840 belli
768 1797 937 1852 Punici,
979 1796 1052 1840 On.
1091 1800 1134 1839 et
1169 1796 1216 1839 P.
1254 1796 1487 1853 Scipiones,

143 1859 216 1913 q'ui
242 1857 666 1913 Carthaginiensium
698 1856 930 1899 adventum
962 1856 1212 1911 corporibus
1245 1856 1333 1898 suis
1357 1856 1486 1898 inter-
1505 1869 1540 1895 ³0

143 1917 398 1960 cludendum
429 1918 704 1971 putaverunt,
735 1915 865 1970 quid?
917 1914 1147 1957 Africanus
1178 1915 1328 1970 maior,
1358 1915 1486 1968 quid?

142 1977 295 2031 minor,
339 1975 468 2030 quid?
511 1975 624 2016 inter
666 1975 822 2016 horum
866 1976 1030 2016 aetates
1073 1974 1323 2016 interiectus
1364 1972 1487 2026 Cato,

145 2035 274 2090 quid?
324 2034 660 2076 innumerabiles
707 2033 783 2075 alii
826 2031 945 2088 (nam
989 2033 1234 2075 domesticis
1279 2033 1486 2088 exemplis

144 2093 432 2150 abundamus)
478 2094 750 2149 cogitassene
795 2092 1023 2147 quicquam
1065 2092 1111 2133 in
1149 2092 1242 2134 vita
1278 2092 1362 2134 sibi
1393 2106 1487 2135 esse

145 2153 449 2208 expetendum,
479 2152 564 2193 nisi
595 2152 709 2206 quod
740 2150 955 2193 laudabile
987 2153 1100 2192 esset
1131 2153 1175 2192 et
1204 2151 1539 2206 praeclarum,ss

91 2198 118 2240 3
143 2211 371 2255 videntur?
408 2210 599 2253 Veniant
630 2211 765 2267 igitur
789 2210 865 2252 isti
889 2201 1094 2252 inrisores
1122 2209 1250 2252 huius
1277 2209 1486 2253 orationis

142 2286 193 2315 ac
225 2270 464 2313 sententiae
496 2272 539 2311 et
570 2270 658 2312 iam
688 2269 757 2312 vel
788 2269 873 2324 ipsi
903 2268 1110 2320 iudicent,
1147 2271 1294 2311 utrum
1332 2283 1376 2311 se
1412 2268 1487 2312 ho·
