1673 2505
269 135 354 176 372
788 135 1088 170 FRAGMENTA

268 242 385 284 Haec
415 258 500 284 una
531 244 659 284 stella
689 245 936 296 nectuntur,
969 257 1096 296 quam
1127 243 1229 284 iacit
1260 258 1310 284 ex
1342 258 1387 285 se

268 301 462 343 Pistricis
496 302 619 356 spina
651 301 817 342 evalida
848 315 943 342 cum
975 301 1067 342 luce
1099 301 1328 356 refulgens.

174 366 252 402 155
327 360 492 400 Exinde
524 359 702 414 exiguae
734 359 851 400 tenui
883 374 977 400 cum
1009 360 1168 400 lumine
1200 360 1361 402 multae

267 417 386 460 Inter
416 417 642 459 Pistricem
672 417 793 459 fusae
826 432 1083 472 sparsaeque
1114 418 1311 459 videntur
1533 429 1601 461 400

268 477 411 531 Atque
444 476 757 518 Gubernaclum
791 477 958 529 stellae,
991 491 1095 530 quas
1129 478 1320 532 contegit
1351 477 1489 519 omnis

267 535 300 576 F
305 535 519 577 ormidans
552 550 693 576 acrem
725 550 915 576 morsum
945 534 1103 589 Lepus,
1134 535 1201 576 his
1232 550 1368 590 neque
1399 551 1554 578 nomen

268 594 357 635 Nec
388 594 572 635 formam
604 597 769 635 veteres
802 596 963 635 certam
995 593 1198 635 statuisse
1230 594 1437 636 videntur.

174 658 255 695 100
269 651 383 693 Nam
415 667 519 706 quas
553 652 761 693 sideribus
794 653 920 694 claris
952 655 1108 694 natura
1139 653 1294 708 polivit

268 710 326 752 Et
357 711 476 752 vario
508 711 647 765 pinxit
679 711 945 765 distinguens
978 711 1138 753 lumine
1168 711 1349 766 formas,
1534 722 1602 753 405

269 769 360 811 Has
392 770 466 810 ille
499 772 714 811 astrorum
746 772 889 811 custos
922 771 1088 811 ratione
1119 770 1287 812 notavit

270 827 486 883 Signaque
519 829 708 884 signavit
740 828 942 870 caelestia
972 829 1143 870 nomine
1175 843 1294 883 ver03

269 886 359 928 Has
393 890 554 941 autem,
587 902 694 942 quae
726 890 826 928 sunt
856 902 989 942 parvo
1020 902 1114 929 cum
1154 887 1316 928 lumine
1348 887 1485 941 fusae,

175 950 254 987 165
272 945 496 987 Consimili
529 946 666 1001 specie
700 946 849 987 stellas
881 946 1092 1000 parilique
1123 947 1263 988 nitore

268 1004 367 1046 Non
398 1005 541 1059 potuit
573 1005 698 1046 nobis
729 1007 833 1046 nota
865 1005 1026 1046 clarare
1057 1006 1208 1060 figura.
1535 1015 1603 1046 410

327 1063 508 1117 Exinde,
541 1064 774 1104 australem
808 1064 925 1104 soliti
958 1079 1083 1118 quem
1115 1064 1251 1105 dicere
1283 1063 1466 1118 Piscem,

268 1121 471 1163 Volvitur
502 1122 679 1163 inferior
710 1121 970 1177 Capricorno
1002 1137 1150 1163 versus
1182 1122 1236 1164 ad
1266 1123 1475 1164 Austrum

267 1179 493 1222 Pistricem
526 1182 777 1235 observans,
808 1182 957 1236 procul
988 1181 1076 1222 illis
1108 1181 1341 1222 Piscibus
1372 1181 1565 1222 haerens.

174 1244 256 1281 170
270 1239 330 1280 At
360 1254 493 1294 prope
526 1240 760 1294 conspicies
793 1242 986 1294 expertes
1016 1240 1202 1281 nominis
1235 1254 1380 1281 omnes

268 1297 387 1339 Inter
414 1298 638 1340 Pistricem
665 1301 707 1340 et
732 1298 909 1352 Piscem,
936 1313 1060 1353 quem
1086 1299 1280 1352 diximus,
1306 1298 1486 1339 Austri
1534 1307 1603 1340 415

270 1355 428 1398 Stellas
461 1357 539 1398 sub
572 1358 751 1412 pedibus
785 1360 943 1398 stratas
976 1357 1184 1398 radiantis
1216 1357 1392 1411 Aquari.

327 1415 509 1470 Propter
542 1416 796 1469 Aquarius
835 1416 1063 1457 obscurum
1095 1417 1244 1457 dextra
1275 1415 1391 1471 rigat
1423 1429 1604 1469 amnem,

269 1475 438 1530 Exiguo
472 1475 543 1529 qui
576 1475 801 1515 stellarum
833 1474 1014 1515 candore
1043 1475 1229 1516 nitescit.

173 1534 305 1575 175E
338 1533 486 1574 multis
519 1536 666 1574 tamen
695 1533 762 1574 his
796 1533 877 1574 duo
910 1533 997 1574 late
1029 1533 1193 1575 lumina
1222 1533 1410 1589 fulgent,

268 1591 412 1633 Unum
445 1592 523 1633 sub
555 1592 703 1647 magni
734 1592 912 1646 pedibus
945 1595 1140 1633 cernetur
1170 1592 1351 1646 Aquari,
1535 1602 1603 1634 420

269 1651 391 1699 Quod
423 1653 634 1706 superest,
667 1651 809 1706 gelido
842 1651 1064 1705 delapsum
1095 1651 1269 1692 flumine
1299 1650 1433 1692 fontis

269 1708 540 1765 Spinigeram
573 1710 720 1750 subter
752 1709 929 1751 caudam
960 1709 1153 1751 Pistricis
1187 1710 1394 1751 adhaesit.

268 1768 361 1810 Hae
393 1771 541 1810 tenues
575 1769 727 1810 stellae
759 1768 1036 1823 perhibentur
1065 1769 1239 1810 nomine
1270 1767 1445 1822 Aquai.

171 1831 254 1868 180
268 1827 350 1869 Hic
383 1827 492 1869 aliae
523 1827 710 1869 volitant
740 1842 873 1882 parvo
906 1842 1001 1868 cum
1032 1828 1192 1868 lumine
1224 1827 1364 1869 clarae

269 1887 411 1940 Atque
442 1886 588 1941 priora
619 1886 773 1941 pedum
806 1886 989 1927 subeunt
1020 1886 1204 1941 vestigia
1235 1886 1382 1942 magni
1537 1894 1602 1926 425

268 1945 558 1986 Arcitenentis
591 1947 633 1986 et
665 1945 870 1986 obscurae
903 1945 992 1986 sine
1023 1945 1194 1986 nomine
1226 1945 1391 1986 cedunt.

327 2003 430 2045 Inde
461 2003 608 2058 Nepae
640 2018 784 2044 cernes
816 2006 993 2058 propter
1023 2003 1231 2059 fulgentis
1263 2017 1442 2045 acumen

269 2061 436 2116 Aram,
469 2077 596 2116 quam
628 2062 733 2103 flatu
764 2063 1000 2116 permulcet
1032 2063 1208 2117 spiritus
1239 2061 1432 2115 Austri,

173 2125 252 2162 185
270 2121 438 2176 Exiguo
471 2136 671 2175 superum
703 2135 810 2175 quae
842 2121 1005 2162 lumina
1035 2123 1228 2176 tempore
1258 2123 1423 2174 tranat,

269 2178 383 2220 Nam
414 2180 563 2234 procul
596 2180 780 2221 Arcturo
813 2182 878 2220 est
911 2179 1089 2221 adversa
1120 2182 1242 2234 parte
1274 2180 1427 2221 locata.
1537 2188 1605 2220 430

271 2238 454 2280 Arcturo
487 2253 691 2293 magnum
724 2237 864 2294 spatio
898 2252 1052 2295 supera
1084 2238 1200 2280 dedit
1232 2238 1382 2280 orbem

365 2364 407 2399 V.
435 2369 568 2409 427sq.
599 2365 669 2400 σία.
696 2366 745 2401 N.
773 2367 820 2401 D.
848 2366 899 2400 Π
919 2369 975 2401 44.
1002 2368 1079 2401 114.
