1663 2490
521 55 622 93 CAP.
649 60 753 91 4-6.
803 59 822 98 §
851 59 998 90 12—17.
1348 55 1428 96 137

90 166 204 208 enim
234 165 343 207 vixit
366 162 554 219 Ennius)
579 164 642 205 ita
672 163 840 205 ferebat
871 162 965 216 duo,
997 176 1106 216 quae
1137 162 1325 203 maxima
1356 177 1429 217 pu-

90 227 250 277 tantur,
276 238 416 276 onera,
441 224 742 277 paupertatem
769 224 813 263 et
839 223 1115 274 senectutem,
1139 222 1189 261 ut
1215 220 1275 261 eis
1298 235 1431 275 paene

91 282 295 325 delectari
327 281 555 323 videretur.

176 340 368 394 Etenim,
405 355 502 382 cum
539 340 786 394 conplector
824 339 986 393 animo,
1023 339 1228 392 quattuor
1266 338 1432 392 reperio
1463 347 1503 378 15

54 412 71 438 ⁵
90 414 253 454 causaS‚
272 414 347 441 cur
367 401 563 440 senectus
585 398 741 439 misera
761 397 969 451 videatur,
987 411 1130 451 unam,
1150 396 1264 450 quod
1285 399 1436 438 avocet

91 474 117 501 a
153 458 279 500 rebus
319 457 534 513 gerendis,
573 457 773 510 alteram,
812 456 926 511 quod
963 469 1115 510 corpus
1153 454 1285 496 faciat
1322 455 1435 495 infir-

91 518 214 571 mius,
245 517 432 570 tertiam,
464 515 578 571 quod
604 516 745 570 privet
775 514 864 556 fere
897 514 1094 556 omnibus
1123 513 1436 568 voluptatibus,

92 578 309 631 quartam,
348 574 461 629 quod
497 574 613 616 haud
649 574 798 629 procul
838 573 953 615 absit
988 588 1012 614 a
1049 575 1200 614 morte.
1262 571 1437 626 Earum,

92 635 128 677 si
172 635 332 690 placet,
376 648 602 675 causarum
647 635 808 687 quanta
853 646 1065 687 quamque
1107 631 1164 672 sit
1199 631 1316 672 iusta
1352 646 1438 673 una

42 706 74 731 ιο
93 708 304 749 quaeque,
335 692 568 734 videamus.

181 752 222 793 A
252 752 380 793 rebus
414 750 610 807 gerendis
643 753 838 792 senectus
872 749 1101 791 abstrahit.
1157 747 1350 797 Quibus?
1384 763 1439 790 an
1465 747 1489 789 6

93 812 158 866 iis,
191 826 298 866 quae
330 811 553 852 iuventute
586 812 794 865 geruntur
827 812 870 850 et
901 808 1098 850 viribus?
1130 808 1329 849 nullaene
1361 808 1439 863 igi-

93 874 164 912 tur
183 884 251 911 res
272 872 372 911 sunt
393 869 560 922 seniles,
586 883 695 922 quae
715 868 784 909 vel
809 867 991 909 infirmis
1016 866 1268 921 corporibus
1296 866 1438 908 animo

93 932 239 971 tamen
271 927 656 970 administrentur?
687 926 796 968 nihil
829 940 932 982 ergo
966 926 1125 981 agebat
1147 923 1194 974 Q.
1214 925 1441 979 Maximus,

43 998 74 1024 1⁵
93 987 202 1029 nihil
228 986 275 1028 L.
294 986 467 1040 Paulus,
494 990 617 1040 pater
643 989 756 1039 tuus,
783 999 902 1027 socer
928 984 1082 1039 optimi
1106 984 1201 1037 viri,
1226 984 1307 1025 filii
1326 983 1440 1026 mei?

93 1045 224 1089 ceteri
256 1060 391 1099 senes,
421 1045 620 1099 Fabricii,
652 1042 782 1097 Curii,
815 1042 1085 1097 Coruncanii,
1116 1057 1212 1084 cum
1244 1057 1335 1084 rem
1366 1057 1441 1098 pu-

93 1105 252 1147 blicam
284 1104 465 1146 consilio
499 1107 542 1145 et
574 1103 832 1145 auctoritate
864 1101 1172 1155 defendebant,
1202 1101 1312 1142 nihil
1345 1115 1441 1157 age-

94 1163 229 1206 bant?
279 1163 349 1204 Ad
379 1162 497 1217 Appi
528 1160 682 1204 Claudi
723 1163 986 1203 senectutem
1028 1160 1256 1202 accedebat
1298 1160 1441 1214 etiam,
1471 1169 1510 1200 16

94 1226 143 1264 ut
175 1236 324 1265 caecus
357 1224 489 1275 esset3
527 1223 672 1262 tamen
703 1220 759 1273 is,
797 1234 894 1261 cum
927 1219 1143 1261 sententia
1175 1221 1349 1260 senatus
1381 1219 1442 1260 in-

41 1293 75 1318 20
95 1282 276 1324 clinaret
315 1280 368 1322 ad
406 1294 556 1335 pacem
594 1294 690 1322 cum
721 1278 889 1334 Pyrrho
921 1278 1156 1332 foedusque
1187 1277 1442 1332 faciendum,

94 1355 182 1382 non
213 1339 428 1381 dubitavit
460 1338 597 1381 dicere
622 1338 712 1392 illa,
745 1352 854 1392 quae
879 1337 1075 1379 versibus
1101 1339 1352 1392 persecutus
1378 1342 1444 1379 est

94 1399 278 1441 Ennius:

155 1457 259 1507 Quo
285 1457 434 1499 vobis
460 1459 673 1510 mentes,
699 1459 870 1497 rectae
897 1470 1024 1510 quae
1045 1458 1184 1496 stare
1204 1455 1444 1496 solebant

156 1516 413 1570 Antehac,
445 1516 703 1557 dementes
737 1529 847 1556 sese
878 1514 1072 1556 flexere
1104 1513 1236 1555 viai?

44 1587 76 1613 25
96 1579 322 1630 ceteraque
352 1574 629 1641 gravissime3
665 1576 816 1615 notum
853 1573 967 1614 enim
998 1573 1122 1615 vobis
1154 1587 1329 1615 carmen
1360 1576 1444 1627 est3

97 1638 141 1677 et
171 1637 317 1676 tamen
348 1634 484 1689 ipsius
516 1632 633 1688 Appi
670 1635 789 1674 extat
827 1633 978 1674 oratio.
1040 1633 1184 1686 Atque
1224 1631 1330 1673 haec
1368 1631 1443 1673 ille

97 1689 411 1750 egit‘septimo
450 1692 614 1734 decimo
653 1706 764 1733 anno
802 1694 903 1746 post
940 1691 1126 1732 alterum
1158 1691 1444 1744 consulatum,

97 1768 193 1796 cum
235 1753 349 1793 inter
393 1751 498 1793 duos
537 1751 787 1793 consulatus
826 1750 926 1792 anni
964 1750 1109 1791 decem
1146 1749 1445 1790 interfuissent

97 1825 331 1865 censorque
364 1813 463 1853 ante
490 1810 755 1865 superiorem
781 1809 1053 1851 consulatum
1078 1808 1251 1862 fuisset;
1283 1822 1333 1850 ex
1359 1822 1443 1862 quo

45 1881 78 1907 ³⁰
95 1870 366 1926 intellegitur
386 1869 542 1924 Pyrrhi
563 1869 676 1910 bello
698 1868 904 1924 grandem
926 1881 1027 1909 sane
1052 1866 1204 1921 fuisse,
1229 1869 1273 1908 et
1297 1869 1445 1908 tamen

97 1930 159 1972 sic
190 1945 216 1972 a
247 1929 444 1985 patribus
477 1928 731 1982 accepimus
792 1926 915 1968 Nihil
947 1926 1081 1982 igitur
1113 1925 1330 1980 adferunt,
1372 1926 1445 1980 qui
1472 1932 1511 1965 1⁹1

96 1989 143 2032 in
172 2003 218 2030 re
251 1988 447 2055 gerunda
479 1987 644 2029 versari
677 1988 942 2028 senectutem
978 1988 1157 2040 negant,
1195 1985 1444 2039 similesque

98 2051 210 2101 sunt,
240 2051 289 2089 ut
315 2047 351 2088 si
378 2047 450 2102 qui
481 2047 816 2102 gubernatorem
842 2045 887 2086 in
911 2018 1157 2100 navigando
1180 2043 1289 2085 nihil
1317 2057 1445 2099 agere

98 2107 254 2160 dicant,
280 2121 377 2148 cum
403 2106 477 2148 alii
504 2105 642 2146 malos
670 2104 889 2159 scandant,
909 2103 991 2145 3111
1015 2117 1092 2158 per
1115 2103 1234 2145 foros
1260 2105 1444 2160 cua-sent,

47 2176 79 2203 ³⁵
98 2166 173 2208 alii
188 2165 402 2207 sentinam
423 2164 691 2218 exhauriant,
710 2164 784 2205 ilie
801 2166 945 2205 autem
962 2163 1132 2204 clavum
1151 2165 1303 2203 tenens
1327 2161 1443 2216 quie-

54 2269 57 2273 ,
97 2227 168 2266 tus
190 2225 364 2266 sedeat
354 2239 399 2265 111
418 2223 565 2280 puppi,
598 2237 687 2265 non
705 2222 839 2264 faciat
860 2236 920 2277 ea,
942 2235 1050 2276 quae
1069 2221 1256 2275 iuvenes,
1277 2223 1322 2262 at
1342 2234 1443 2262 vero

97 2283 237 2326 multo
269 2283 435 2325 maiora
466 2285 510 2325 et
541 2282 722 2324 meliora
752 2281 895 2324 faciat
942 2279 1043 2322 Non
1074 2280 1237 2323 viribus
1271 2282 1345 2321 aut
1377 2293 1443 2321 ve-
