1673 2505
346 112 626 150 POEMATUM.
653 113 696 148 H.
725 113 774 147 lV
799 114 822 148 b
849 125 881 149 v.
909 118 1080 149 65—136.
1299 115 1383 155 385

48 221 209 274 Inspice
238 234 337 262 num
367 221 509 262 rubeat
537 220 648 274 (fieri
677 221 784 274 quod
812 234 926 274 saepe
955 221 1158 262 videmus:

49 279 191 322 Creber
221 280 329 320 enim
360 280 490 320 educit
520 283 725 320 contracta
755 280 858 321 nube
887 279 1092 332 ruborem)

53 338 120 379 An
149 338 264 390 niyer
294 337 471 379 obscuret
497 339 666 390 faeiem:
697 339 813 391 niqer
843 339 999 380 indicat
1026 338 1191 392 imbres,

47 396 266 448 Rubraque
296 399 482 438 venturos
512 397 657 449 species
687 397 901 438 denuntiat
928 397 1079 438 Euros.
1320 407 1382 437 105

48 454 126 497 Sin
155 454 276 496 ruber
306 455 471 507 incipiet
499 455 606 496 color
636 456 897 497 immiscerier
927 459 1033 506 atro,

50 512 201 555 Omnia
233 516 327 554 tunc
357 513 497 554 Borea
519 514 681 567 pariter
703 514 925 567 pluviaque
954 514 1104 556 videbis

47 572 236 614 Fervere:
266 572 332 613 sin
362 573 475 613 radii
525 575 678 625 coeant,
709 576 961 625 crescantque
989 573 1062 614 sub
1092 587 1239 626 unum,

49 629 152 672 Cum
175 630 319 683 pelayo
354 631 494 681 Titan,
527 632 691 672 terrisve
721 632 944 672 admoverit
972 632 1121 685 orbem,

48 689 138 731 Aut
169 689 293 730 lateat
321 690 448 730 victus
470 703 548 742 per
577 689 737 740 nubila,
767 691 848 731 sive
878 691 1017 731 relicta
1320 701 1383 730 110

49 747 172 789 Nocte
196 751 335 800 petens
367 748 508 798 lucem,
539 762 608 789 seu
638 752 791 789 noctem
824 749 906 790 luce
935 749 1092 802 relicta,

48 804 136 847 Illa
167 807 251 847 dies
274 806 458 859 pluvias,
490 810 527 848 et
555 821 656 860 quae
686 810 872 849 nascetur
902 808 953 849 ab
983 808 1058 848 illa

48 864 254 916 Proferet:
283 865 372 906 Eoo
403 879 474 906 nec
503 866 540 907 si
563 866 805 918 praeeuntia
835 867 941 908 caelo

49 923 206 965 Nubila
237 922 308 965 Sol
338 925 471 965 radiis
493 925 604 978 picto
636 925 835 966 disiecerit
863 929 991 977 astro,

48 982 118 1024 Sis
139 982 308 1035 pluviae
337 984 532 1036 iynarus:
563 984 601 1025 si
630 997 671 1025 se
704 984 896 1025 Titanius
926 984 1034 1025 orbis
1320 993 1382 1024 115

48 1041 136 1082 Eoo
169 1041 248 1082 late
277 1042 489 1093 diffuderit
517 1056 685 1094 aequore
715 1056 898 1095 surycns,

48 1099 153 1141 Inde
182 1101 402 1153 mayisque,
435 1102 640 1153 massisque
670 1114 906 1154 exsparsum
937 1101 1150 1142 contra-hat
1180 1102 1326 1153 imaeue,

49 1158 222 1199 Dulcior
252 1159 393 1199 aethra
423 1159 568 1212 subest,
592 1160 734 1212 pluvio
765 1173 805 1201 se
836 1164 1007 1212 tempore
1036 1174 1268 1212 quanquam

48 1217 263 1258 Abdiderit
291 1217 494 1259 Phoebus:
525 1219 563 1259 si
592 1214 698 1259 caelo
730 1219 875 1260 decidit
904 1219 1045 1271 imber,

47 1276 118 1318 Ex
148 1276 271 1317 imbri
300 1276 469 1317 alterius
498 1280 645 1318 sortem
677 1281 711 1318 te
740 1290 929 1330 quaerere
961 1277 1077 1327 lucis,
1319 1288 1384 1318 120

49 1335 297 1387 Nubilaque,
328 1338 367 1376 et
394 1335 527 1377 Solem
558 1349 695 1377 moneo
725 1339 901 1388 spectare
931 1337 1145 1378 cadentem.

50 1394 164 1434 Nam
195 1395 232 1435 si
262 1394 404 1447 niyrae
434 1394 567 1436 obiens
597 1396 794 1436 condatur
825 1409 979 1436 carcere
1008 1396 1128 1437 nubis

48 1451 250 1503 Phoebus,
281 1456 318 1493 et
347 1453 489 1507 catiyuo
519 1454 631 1495 radii
659 1454 815 1507 fulyore
846 1455 1039 1495 micantes

48 1510 301 1552 Immensum
331 1512 487 1554 nebulis
518 1513 902 1564 circumfhmdantur
931 1514 978 1554 in
1009 1513 1156 1566 orbem,

49 1570 147 1611 Non
177 1571 255 1611 erit
283 1571 452 1612 alterius
482 1571 623 1612 melior
650 1572 822 1622 fortuna
852 1573 942 1613 diei.
1320 1582 1384 1613 125

47 1628 187 1670 Purus
217 1632 262 1670 at
290 1629 516 1682 Hesperias
545 1631 582 1671 si
613 1629 684 1672 Sol
715 1631 876 1671 labatur
907 1631 951 1671 in
981 1632 1132 1683 undas,

49 1686 228 1740 Oumque
249 1692 380 1741 parat
410 1689 528 1730 terris
558 1690 603 1730 in
635 1703 764 1742 aquas
794 1690 973 1742 migrare
1002 1690 1168 1744 relictis,

56 1746 222 1787 Vicinae
251 1747 422 1788 rubeant
451 1748 590 1802 nubes,
620 1762 702 1789 non
734 1749 936 1790 crastinus
966 1749 1108 1798 imber,

47 1805 145 1846 Non
176 1805 250 1847 tibi
279 1809 473 1847 nocturno
505 1810 563 1848 est
590 1807 823 1848 metuendus
853 1810 1025 1860 tempore
1054 1807 1226 1849 nimbus.

46 1863 97 1906 Si
127 1863 236 1906 Solis
266 1866 378 1906 radii
408 1866 540 1918 nigtris
570 1866 763 1908 absconsa
794 1866 963 1908 tenebris
1319 1877 1384 1907 130

45 1923 277 1965 Marcentes
306 1925 436 1965 nitido
468 1925 704 1977 depromant
735 1926 895 1966 lumina
926 1925 1049 1979 canO,

46 1979 108 2023 Ut
140 1997 234 2024 eum
266 1982 369 2024 luna
400 1998 547 2024 means
579 1983 839 2038 Hyperionis
873 1983 1006 2025 officit
1039 1984 1150 2038 orbi,

47 2038 334 2096 Stingmmtur
364 2042 474 2083 radii
505 2057 629 2084 caeca
661 2042 843 2098 caligine
874 2043 994 2096 tecti,

45 2100 134 2141 Aut
163 2100 320 2142 Phoebo
350 2101 570 2142 instantem
602 2103 785 2143 tardanti
814 2103 976 2143 reddere
1007 2102 1150 2156 lucem,

46 2157 99 2200 Se
129 2162 207 2200 toto
234 2159 417 2211 fundant
447 2160 525 2201 late
555 2161 674 2214 iynea
703 2161 846 2202 nubila
876 2161 1002 2211 eaelo,
1318 2171 1382 2202 135

46 2217 143 2259 Non
173 2219 274 2260 sicco
297 2232 534 2272 pracynans
565 2220 694 2261 arcbit
718 2220 880 2272 pulvere
912 2220 1043 2274 tellus,

138 2345 180 2381 V.
211 2350 276 2381 132
292 2358 343 2390 sq.
374 2346 490 2382 Prisc.
519 2347 560 2381 X
581 2350 617 2383 2.
645 2351 687 2381 11
710 2358 748 2392 p.
776 2350 856 2382 504.
883 2350 944 2383 20.

118 2410 188 2437 010.
208 2411 262 2437 JV.
282 2413 306 2437 3.
1127 2410 1170 2441 25
