1673 2505
323 142 602 179 POEMATUM.
629 142 672 178 H.
699 142 749 177 lV
776 154 798 177 a
823 154 855 177 v,
883 146 1078 178 300-396,
1287 143 1365 184 371

0 259 25 297 Ο
96 251 220 294 Hunc
250 253 427 306 propter
458 251 690 304 subterque
722 249 868 305 pedes,
910 264 1015 304 quos
1049 249 1229 291 diximus
1262 253 1372 304 ante,

37 310 206 353 Orionis
238 309 349 351 iacet
380 309 542 364 levipes
574 308 750 363 Lepus.
800 308 881 350 Hic
911 308 1025 364 fugit
1056 308 1165 350 ictus
1304 319 1372 350 365

35 368 270 411 Horrificos
303 370 496 409 metuens
527 369 659 409 rostri
691 367 996 408 tremebundus
1029 367 1154 409 acuti.

36 427 149 470 Nam
180 425 308 468 Canis
341 426 497 467 infesto
531 426 722 480 sequitur
754 426 938 482 vestigia
970 440 1094 467 cursu

36 484 395 540 Praecipitantem
428 485 598 540 agitans
632 485 772 525 oriens
804 485 890 525 iam
923 484 1104 538 denique
1136 484 1264 538 paulo

0 542 306 588 5Curriculum
337 558 570 597 numquam
602 543 767 584 defesso
800 558 976 597 corpore
1009 543 1173 584 sedans.

95 603 154 643 At
180 600 307 644 Canis
340 602 394 644 ad
425 602 602 643 caudam
636 616 810 656 serpens
835 602 1079 656 prolabitur
1104 602 1241 656 Argo
1304 611 1373 644 370

38 660 296 703 Conversam
329 675 431 716 prae
463 675 508 702 se
539 663 717 715 portans
750 675 845 702 cum
877 661 1036 702 lumine
1068 662 1265 715 puppim,

36 718 136 761 Non
166 720 276 761 aliae
308 734 438 761 naves
470 722 519 760 ut
549 719 595 760 in
626 719 716 760 alto
748 734 905 774 ponere
939 734 1090 774 proras

36 779 150 819 Ante
182 778 323 820 solent
354 781 496 820 rostro
528 778 746 832 Neptunia
778 782 904 833 prata
936 781 1147 831 secantes,

0 835 119 879 OSed
151 851 355 879 conversa
386 839 502 878 retro
535 837 642 878 caeli
673 851 718 878 se
750 852 826 891 per
856 837 952 878 loca
981 839 1140 892 portat.

37 894 172 949 Sicut,
205 910 300 937 cum
331 898 533 950 coeptant
564 898 682 937 tutos
715 896 963 951 contingere
994 899 1163 950 portus,
1307 905 1374 938 375

37 953 278 996 Obvertimt
308 969 461 996 navem
493 968 650 1010 magno
683 969 778 996 cum
810 954 995 1009 pondere
1026 958 1184 996 nautae

36 1012 360 1067 Adversamque
392 1013 571 1055 trahunt
603 1016 753 1068 optata
785 1013 839 1054 ad
870 1014 1019 1054 littora
1048 1014 1245 1068 puppim,

38 1071 106 1113 Sic
137 1086 342 1113 conversa
373 1076 495 1113 vetus
528 1087 655 1126 super
687 1072 862 1113 aethera
894 1073 1076 1113 vertitur
1107 1074 1227 1127 Argo

0 1131 180 1184 5Atque
218 1145 352 1185 usque
384 1146 410 1172 a
445 1145 575 1196 prora
607 1130 660 1172 ad
695 1131 855 1171 celsum
888 1130 978 1172 sine
1010 1108 1198 1172 lumineo
1202 1131 1375 1184 malum,

0 1195 1 1211 ²
36 1189 76 1230 A
107 1189 221 1230 malo
255 1189 308 1230 ad
338 1189 516 1244 puppim
549 1190 662 1231 clara
694 1204 790 1231 cum
821 1190 913 1231 luce
944 1189 1130 1243 videtur3
1307 1200 1375 1231 380

35 1247 140 1289 Inde
174 1248 482 1304 gubernaclum
514 1248 707 1303 disperso
740 1248 900 1289 lumine
931 1248 1102 1304 fulgens

36 1305 154 1349 Clari
185 1307 426 1361 posteriora
458 1305 586 1348 Canis
618 1307 804 1362 vestigia
836 1282 1024 1348 condito

94 1365 207 1406 Exin
239 1368 448 1407 semotam
478 1365 628 1421 procul
659 1365 704 1406 in
734 1369 914 1420 tutoque
946 1366 1134 1408 locatam

35 1424 355 1466 Andromedam
386 1427 532 1465 tamen
564 1425 789 1479 explorans
820 1424 912 1466 fera
944 1439 1146 1479 quaerere
1178 1425 1374 1466 Pistrix

35 1481 185 1538 Pergit
212 1486 254 1524 et
279 1498 413 1537 usque
440 1484 569 1524 sitam
595 1483 760 1524 validas
784 1484 1012 1538 Aquilonis
1039 1483 1092 1525 ad
1118 1498 1244 1525 auras
1306 1495 1373 1526 385

37 1540 220 1583 Caerula
251 1542 440 1597 vestigat
470 1542 594 1583 finita
624 1542 669 1583 111
699 1543 895 1597 partibus
928 1543 1089 1584 Austri.

35 1599 159 1642 Hanc
191 1601 315 1642 Aries
347 1601 457 1656 tegit
489 1603 532 1642 et
563 1616 791 1655 squamoso
825 1616 1002 1656 corpore
1033 1602 1177 1643 Pisces

35 1658 247 1701 Fluminis
278 1659 475 1701 inlustris
507 1662 758 1715 tangentem
789 1663 961 1715 pectore
993 1660 1122 1715 ripas.

36 1718 234 1773 Namque
266 1718 397 1760 etiam
428 1718 705 1760 Eridanum
737 1733 882 1760 cernes
912 1719 957 1760 in
988 1722 1112 1774 parte
1144 1720 1333 1761 locatum

38 1775 174 1831 Caeli,
205 1778 425 1818 funestum
457 1777 626 1832 magnis
660 1792 755 1819 cum
786 1778 950 1819 viribus
982 1793 1168 1831 amnem,
1306 1790 1373 1822 390

37 1834 172 1884 Quem
203 1836 391 1878 lacrimis
425 1839 614 1878 maestae
645 1836 931 1878 Phaethontis
964 1852 1090 1892 saepe
1123 1852 1291 1879 sorores

37 1892 295 1950 Sparserunt
326 1895 461 1936 letum
493 1896 701 1936 maerenti
732 1910 835 1937 voce
867 1898 1079 1938 canentes.

37 1952 160 1995 Hunc
192 1953 362 1995 Orionis
396 1954 474 1995 sub
507 1954 630 1995 laeva
661 1969 831 1995 cernere
862 1955 1014 2009 planta

37 2010 287 2068 Serpentem
318 2013 480 2068 poteris
512 2027 772 2067 proceraque
804 2013 990 2055 Vincla
1020 2013 1204 2067 videbis,

37 2069 152 2119 Quae
184 2072 371 2113 retinent
402 2071 562 2125 Pisces,
595 2072 825 2113 caudarum
858 2088 883 2114 a
913 2075 1037 2127 parte
1067 2073 1210 2114 locata
1306 2085 1374 2115 395

35 2127 230 2172 Flumine
262 2130 397 2172 mixta
428 2133 542 2172 retro
576 2130 630 2172 ad
660 2130 856 2173 Pistricis
887 2134 1012 2186 terga
1043 2133 1211 2173 reverti.

127 2279 171 2314 V.
199 2285 265 2315 369
282 2293 334 2324 sq.
361 2281 410 2317 N.
436 2282 485 2317 D.
512 2281 565 2315 II
585 2285 640 2318 44.
667 2285 755 2324 114,
782 2286 979 2324 370-373,
1006 2285 1210 2326 375-378,
1239 2287 1305 2318 381
1322 2295 1373 2327 sq.

35 2327 174 2373 Hyyin.
200 2328 274 2371 fab.
300 2331 346 2362 14
366 2339 405 2372 p.
432 2331 478 2363 49
504 2328 619 2363 Schm.
648 2350 690 2354 —
717 2333 784 2364 387
804 2341 855 2373 sq.
884 2328 955 2364 Cic.
982 2329 1031 2364 N.
1058 2329 1106 2364 D.
1133 2330 1185 2364 II
1205 2333 1260 2364 44.
1287 2335 1375 2366 114.-

33 2374 250 2419 tangentem
277 2385 428 2420 corpore
454 2374 564 2420 ripas.
591 2396 635 2401 —
661 2380 731 2411 394
742 2387 794 2420 sq.
823 2376 893 2411 Cic.
920 2377 1008 2411 ibid.

1091 2435 1163 2469 ‘24²⁸
