1673 2505
214 91 302 132 280
735 91 1036 127 FRAGMENTA

361 199 490 241 Facto
519 213 646 253 supra
672 232 680 240 .
707 232 715 240 .
742 232 750 239 .
776 212 852 251 per
881 212 950 240 eas
979 200 1136 253 speeies,
1166 201 1310 253 quibus
1340 201 1559 244 insectatus

273 258 473 300 Milonem
498 258 668 300 Clodius
689 258 836 308 fuerat,
868 257 1004 298 subdit
1032 262 1171 299 orator
1201 260 1323 301 etiam
1354 260 1432 301 duo
1463 260 1558 302 haec

265 317 511 370 posteriora,
554 329 656 369 quae
692 317 737 357 in
773 316 908 368 ipsum
937 317 1084 368 procul
1120 317 1240 359 dubio
1277 319 1558 360 adversarium

272 389 345 416 eon
378 409 385 416 .
413 409 419 416 .
448 409 456 416 .
485 408 492 416 .
525 376 627 416 lium
657 375 840 416 nomina.

305 440 369 481 15.
400 439 483 480 Est
515 439 640 493 enim,
673 452 939 493 quocumque
966 438 1095 492 venit,
1127 441 1170 480 et
1201 453 1373 481 reorum
1398 439 1558 481 crimen
1595 453 1611 478 5

215 502 257 540 et
289 499 488 539 iudicum.

364 563 480 614 Quod
500 563 678 615 pertinet
708 563 765 603 ad
792 575 892 615 reos,
923 562 1029 604 illud
1058 566 1134 604 est:
1165 563 1368 604 inutiliter
1396 564 1558 616 loquens

271 621 407 674 adfert
434 621 519 663 illis
541 621 771 674 periculum
802 622 1100 669 danuiationis;
1133 622 1240 674 quod
1268 625 1403 663 autem
1433 622 1555 674 refer-

273 684 340 721 tur
370 681 427 721 ad
457 680 626 733 iudices,
663 679 727 720 hic
763 680 988 732 i'ntelleyere
1023 680 1206 721 debemus
1242 693 1437 733 magnam
1473 681 1558 722 illis

273 739 474 780 invidiam
509 739 634 780 simul
672 742 708 779 et
740 738 961 790 infamiam
997 740 1230 790 comparari
1261 739 1311 780 ab
1343 739 1610 792 Zitiyatori-10

272 798 362 850 bus,
403 798 441 839 si
471 798 651 850 corrupti
674 798 851 849 pecunia
881 797 1230 847 existimarentur,
1261 799 1456 850 quon-iam
1486 797 1557 839 hoc

268 857 376 908 falso
412 857 623 897 iactaverit
653 855 834 908 Clodius,
864 856 1046 908 pretium
1083 858 1375 897 sententiarum
1413 856 1556 898 iudici-

272 916 344 956 bus
368 928 448 956 esse
473 915 739 967 tribuendum,
770 928 860 955 cum
886 918 1020 955 tamen
1045 915 1211 956 eandem
1228 915 1449 967 pecuniam
1474 915 1558 967 ipse

271 975 563 1026 intercepturus
594 974 795 1025 acciperet.

304 1039 368 1080 16.
400 1040 604 1092 tuamque
636 1039 883 1092 praeturam
915 1052 1003 1078 non
1034 1040 1109 1079 {zuo
1142 1052 1261 1079 more
1295 1037 1478 1078 differas.
1577 1051 1608 1075 15

360 1103 452 1144 Hoc
482 1104 528 1143 in
558 1102 796 1143 narratione
828 1102 1090 1144 Milonianae
1123 1103 1368 1154 defensionis
1391 1102 1558 1154 plenius

270 1162 451 1214 ostendit,
483 1160 673 1203 Clodium
698 1162 907 1213 petitorem
943 1162 1070 1212 fuisse
1093 1165 1324 1214 praeturae.
1379 1160 1558 1213 &umque

270 1221 605 1261 animadverteret
635 1220 798 1260 comitia
827 1233 910 1260 non
942 1221 999 1260 sic
1022 1221 1244 1273 procedere,
1278 1223 1325 1260 ut
1353 1219 1452 1260 Kal.
1484 1219 1555 1260 Ia-

270 1280 433 1320 nuariis
462 1282 599 1331 posset
633 1279 739 1319 inire
764 1281 1025 1331 praeturam,
1073 1279 1266 1320 maluisse
1307 1279 1492 1320 desistere
1529 1292 1556 1318 a

264 1339 468 1391 petitione.
529 1337 621 1378 Hoc
664 1350 753 1389 erqo
799 1337 960 1378 Tullius
1003 1338 1203 1390 arripuit,
1247 1337 1432 1378 omnibus
1475 1350 1556 1378 esse
1575 1351 1608 1375 20

270 1397 488 1448 miraculo,
520 1397 628 1448 quod
655 1408 739 1436 non
770 1395 937 1446 differat
965 1396 1087 1436 etiam
1112 1396 1321 1449 praesenti
1351 1408 1461 1436 anno
1489 1409 1554 1448 pe-

271 1456 463 1508 titionem,
494 1455 601 1507 quod
629 1455 715 1495 iam
746 1455 863 1495 semel
892 1455 1040 1506 fecerit.
1097 1455 1288 1497 Solebant
1316 1457 1451 1495 autem
1482 1456 1555 1495 im-

262 1515 401 1567 pediri
431 1514 595 1555 comitia
618 1526 694 1566 per
725 1513 1011 1554 dissensionem
1042 1515 1365 1567 mayistratuum.

302 1579 366 1619 17.
398 1577 489 1619 Nec
521 1577 726 1632 suffragia
758 1577 897 1631 dabis,
931 1577 1085 1631 quibus
1119 1580 1324 1619 ostentas.

358 1641 641 1684 Comminatur
672 1646 709 1682 et
738 1643 952 1684 denuntiat
979 1656 1021 1684 se
1051 1643 1276 1684 actionibus
1306 1643 1391 1684 eius
1416 1643 1553 1684 adver·
1574 1656 1606 1682 25

268 1702 427 1743 sarium
455 1702 644 1753 futurum
675 1714 745 1742 nec
775 1702 820 1742 in
858 1701 1093 1754 Zeyatioiieon
1131 1715 1221 1743 eum
1252 1701 1444 1754 Pompeio
1475 1702 1554 1743 dis-

268 1774 482 1801 cessurum.
550 1760 734 1801 Laturus
777 1763 911 1801 autem
950 1761 996 1802 de
1033 1761 1232 1814 suffrayio
1275 1760 1554 1802 libertinorum

268 1819 316 1860 P.
349 1818 520 1861 Clodius
552 1819 673 1872 leyem
705 1819 930 1873 videbatur,
961 1823 1008 1860 ut
1036 1823 1074 1860 et
1102 1821 1183 1872 ipsi
1214 1821 1240 1872 †
1273 1832 1364 1860 eum
1392 1820 1439 1860 in
1469 1832 1554 1861 cen-

266 1891 358 1919 sum
389 1878 611 1931 aequaliter
635 1878 901 1930 pervenirent.

300 1943 364 1984 18.
396 1957 474 1983 nec
506 1956 606 1983 vero
638 1942 760 1983 illam
792 1941 1002 1983 nefariam
1036 1942 1295 1984 libertatem.
1572 1956 1605 1980 30

355 2006 560 2060 Suffrayii
594 2007 743 2048 scilicet
779 2006 1076 2058 libertinorum,
1121 2008 1235 2049 euius
1273 2007 1369 2060 Zeqis
1406 2007 1553 2048 mentio

264 2065 314 2118 fit
342 2066 388 2106 in
419 2066 613 2119 oratione,
650 2079 752 2118 quae
788 2065 927 2106 habita
964 2069 1022 2107 est
1051 2080 1131 2118 pro
1161 2066 1322 2108 DIiZone
1349 2065 1435 2119 (12.
1467 2066 1552 2112 33).

299 2131 363 2171 19.
397 2129 499 2179 Quis
531 2145 618 2172 non
650 2130 894 2171 meminerit
924 2130 1157 2185 pueritiam
1190 2131 1340 2172 tuam?

353 2195 626 2248 Interroyatio
651 2196 885 2248 asperitatis
912 2196 1167 2248 invidiaeque
1185 2195 1430 2248 plenissima
1461 2208 1549 2236 cum

264 2254 528 2307 descriptione
544 2268 755 2306 personae,
786 2268 868 2306 qua
892 2267 1022 2296 mores
1054 2255 1140 2295 eius
1171 2255 1403 2303 illumina&
1435 2267 1550 2306 quem
1571 2264 1603 2290 35

263 2326 347 2354 non
384 2313 515 2366 mayis
553 2314 687 2354 timeri
723 2316 901 2365 oporteat
934 2327 1056 2366 quam
1096 2314 1246 2366 despici
1277 2316 1333 2354 tot
1361 2313 1552 2354 vitiorum
1638 2313 1641 2323 '
