1611 2495
96 99 145 132 Vl
503 94 782 131 ADNOTATIO
810 94 1011 130 CRITICA.

95 203 133 237 P.
160 207 215 238 28.
241 205 286 236 34
309 202 433 247 mayni
462 202 534 235 viri
558 201 664 235 codd.
690 200 770 243 Ab,
801 202 873 236 viri
901 202 1025 247 magni
1056 202 1154 244 ceth,
1185 201 1285 246 vulg.
1313 222 1356 227 —
1380 201 1420 240 P.

96 253 150 285 29.
171 253 214 284 36
234 248 400 284 Noenum
417 247 576 291 Laehm„
603 247 709 290 Bait„
735 248 822 283 Non
845 249 938 283 enim
964 247 1080 291 codd„
1107 247 1224 292 Hein.,
1249 249 1289 282 in
1306 248 1419 283 heroo

95 307 202 330 versu
232 294 442 337 intolerab.;
478 307 513 339 p.
548 299 624 331 135.
657 299 711 329 19.
745 315 787 319 -
819 295 858 329 Ρ.
890 299 944 329 29.
977 299 1020 330 37
1053 296 1205 340 plusque
1241 297 1421 342 mayisque

95 342 279 386 Bemays„
310 341 429 385 Vahl„
454 343 627 386 priusque
657 341 807 386 Bergk.3
839 353 871 376 v.
904 354 938 386 p.
974 345 1050 376 135.
1083 345 1137 376 20.
1172 362 1214 367 —
1245 341 1284 376 P.
1318 347 1373 378 30.
1400 348 1420 377 3

95 391 143 425 sit
167 389 283 432 codd„
309 388 404 423 Bait.
425 390 451 432 J,
476 393 526 423 est
549 388 696 422 Halmio
721 389 869 423 auctore
895 387 988 422 Bait.
1010 389 1055 430 ΙΙ,
1080 388 1206 431 Hein.;
1231 388 1278 422 ad
1303 401 1337 433 p.
1367 393 1420 425 18.

96 441 128 472 3.
155 457 197 462 ——
223 436 275 472 Ib.
302 437 459 471 audeant
483 434 580 478 Era,
612 434 706 469 Bait.
732 435 782 478 ΙΙ,
815 436 948 471 audent
973 435 1089 479 codd„
1119 434 1215 469 Bait.
1241 436 1267 479 I,
1296 435 1420 477 Hein.;

95 484 200 518 Tusa.
232 483 249 518 Ι
279 487 311 518 9.
346 487 387 518 18
420 482 524 516 codd.
557 482 651 517 Sunt
680 483 743 527 qui
767 487 919 527 putant,
954 486 1039 517 sunt
1067 483 1130 527 qui
1160 487 1339 526 censeant,
1371 483 1422 517 ΙΙΙ

95 535 151 565 31.
185 534 228 565 ’76
260 529 355 565 Sunt
390 530 452 574 qui
482 533 612 574 putent
642 550 685 554 —
722 534 806 564 sunt
841 530 904 574 qui
939 530 1123 565 abducunt
1159 550 1201 555 —-
1238 534 1325 564 sunt
1360 531 1423 575 qui

91 581 226 622 putant
258 597 310 611 —.
365 576 459 611 Sunt
494 577 600 611 etiam
635 577 697 620 qui
737 577 917 622 colligunt.
956 597 999 601 —
1035 576 1074 610 P.
1112 581 1167 610 31.
1200 580 1242 611 25
1280 577 1422 622 [super-

96 624 213 670 biam]
247 623 341 657 Bait.
374 624 417 657 ΙΙ.
451 643 496 648 -
525 622 563 656 Ρ.
596 626 651 657 34.
684 627 726 657 21
763 634 836 658 uno
871 623 1047 669 [quoque]
1079 622 1197 666 Hein„
1234 635 1307 659 uno
1342 634 1423 658 suo-

95 682 160 716 que
197 670 329 714 Unger.
366 668 460 703 Phil.
498 669 617 714 suppl.
656 669 708 703 ΙΙΙ
742 681 777 714 p.
816 674 870 704 34.
908 669 1000 704 Mihi
1038 668 1163 704 Cicero
1203 681 1277 705 non
1315 670 1422 705 intel-

96 717 228 752 lexisse
254 716 371 761 magis
396 716 554 758 videtur,
581 715 669 760 quid
694 716 819 760 vellet,
846 727 955 760 quam
980 716 1203 761 explanasse.
1231 738 1275 742 —
1300 717 1338 752 P.
1365 721 1421 752 34.

97 769 140 800 28
171 765 361 810 [adversus
391 763 567 808 homines]
590 763 684 797 Bait.
711 763 744 797 II
769 762 945 798 Lambino
977 765 1135 798 auctore.
1163 784 1206 789 -
1231 763 1270 798 P.
1297 768 1351 798 35.
1380 768 1423 798 14

95 812 388 857 fuyiendumque
407 811 481 854 opt.
503 809 619 852 codd,
640 809 733 844 Bait.
748 810 792 853 ΙΙ,
812 810 930 854 Hein.,
949 811 1199 856 fugiendumve
1219 821 1275 854 cp,
1295 809 1390 845 Bait.
1407 811 1424 844 I

95 859 213 901 recte,
240 858 280 891 ut
304 857 459 891 videtur.
487 878 529 882 —
555 856 593 891 P.
621 861 674 891 35.
703 861 849 892 14-—18
874 858 957 903 [Ita
981 859 1023 901 fit
1048 878 1090 883 —-
1116 858 1251 903 officii]
1275 857 1423 892 Faeoio-

96 905 172 940 lato
198 905 348 938 auctore
373 903 484 946 Bait.;
516 915 549 938 v.
575 903 709 948 Unger.
735 903 829 938 Phil.
862 903 981 948 suppl.
1008 905 1058 938 ΙΙΙ
1089 916 1124 949 p.
1151 909 1195 939 34
1210 916 1287 948 sqq.
1315 926 1356 929 ——
1383 904 1422 938 P.

97 956 151 986 35.
172 956 215 986 21
234 952 392 997 [animi]
410 950 515 985 Hein.
537 972 578 975 —
598 951 636 986 P.
651 956 706 986 36.
724 955 765 986 18
785 952 832 986 in
849 955 1000 995 tempore
1015 951 1252 986 Fleckeiseno
1272 952 1423 986 auctore

96 998 190 1033 Bait.
206 998 250 1041 ΙΙ,
271 997 375 1033 Hein.
390 997 578 1041 Nusquam
598 997 719 1032 afferri
738 997 886 1033 invenio
900 998 1001 1032 Varr.
1021 1009 1048 1032 r.
1068 1010 1096 1032 r.
1111 999 1126 1032 I
1141 1003 1195 1034 69.
1213 1003 1229 1032 1
1252 1009 1316 1040 ex.,
1337 997 1421 1032 Rut.

96 1046 185 1090 Lup.
206 1045 222 1079 I
244 1050 260 1079 1
288 1057 321 1090 p.
343 1049 374 1079 4.
396 1049 432 1087 83
459 1044 504 1079 cf.
530 1057 565 1089 p.
589 1048 665 1080 108.
688 1050 741 1080 16.
761 1066 806 1070 —
825 1045 876 1079 lb.
902 1049 943 1080 ut
965 1046 998 1079 si
1018 1045 1134 1089 codd„
1159 1045 1276 1089 Hein„
1302 1050 1367 1080 aut
1391 1047 1423 1080 si

95 1092 257 1136 Madvig.
272 1092 369 1136 apud
380 1091 506 1135 Lund.,
519 1091 615 1126 Bait.
627 1113 668 1117 -—
682 1092 732 1126 Ib.
747 1103 875 1137 mayno
887 1092 1024 1127 homine
1035 1091 1169 1136 Madv.,
1183 1091 1289 1135 Bait„
1304 1091 1422 1134 Hein„

95 1141 251 1174 maximo
269 1140 357 1174 hom.
372 1138 418 1173 M.
435 1137 598 1182 Seyffert.
616 1159 657 1164 -—
671 1138 708 1173 P.
725 1143 778 1173 37.
794 1143 813 1173 5
834 1140 995 1174 volumus
1014 1138 1119 1173 codd.
1134 1139 1196 1173 AB
1205 1138 1249 1184 ¹b,
1269 1140 1423 1174 volemus

96 1186 181 1220 B2H
194 1197 284 1221 corr.
300 1186 376 1221 ead.
397 1198 444 1220 m.
465 1197 509 1220 ex
526 1186 697 1228 vobumus,
716 1185 822 1229 Bait„
842 1185 946 1221 Hein.
961 1186 1074 1220 Recte
1093 1198 1128 1230 p.
1144 1190 1198 1220 50.
1214 1190 1234 1221 9
1253 1187 1286 1221 si
1302 1187 1421 1221 volu-

95 1245 202 1277 mus,
227 1234 475 1278 intelleqemus,
501 1233 601 1268 Verr.
623 1233 638 1266 Ι
661 1237 712 1267 15.
733 1237 777 1267 38
796 1234 828 1267 si
852 1234 1022 1276 volumus,
1047 1234 1242 1276 reddemus,
1267 1232 1363 1266 infra
1386 1245 1421 1277 p.

99 1285 175 1315 199.
190 1285 233 1315 23
252 1281 333 1315 licet
350 1281 519 1322 inrideat,
538 1281 571 1314 si
588 1280 651 1324 qui
668 1281 754 1323 vult,
769 1281 856 1323 plus
872 1291 957 1315 vcra
973 1281 1068 1314 ratio
1086 1281 1225 1323 valebit,
1245 1279 1339 1314 Phil.
1355 1280 1423 1314 VII

100 1333 130 1362 6.
159 1331 200 1362 19
226 1328 258 1362 si
281 1328 459 1369 volumus,
495 1328 622 1361 bellum
644 1328 836 1372 yerendum
859 1331 926 1370 est,
951 1328 985 1362 si
1008 1328 1219 1370 omittimus,
1249 1328 1421 1370 fruemur,

97 1373 192 1409 infra
215 1387 249 1419 p.
278 1378 355 1409 189.
381 1378 425 1408 29
450 1375 483 1408 si
509 1375 686 1416 volumus,
717 1385 824 1418 opera
854 1375 978 1408 danda
1001 1378 1065 1417 est,
1099 1373 1142 1408 N.
1168 1373 1211 1408 D.
1237 1374 1271 1408 ΙΙ
1299 1378 1351 1408 12.
1379 1378 1421 1408 33

97 1423 130 1456 si
158 1422 335 1464 volumus,
362 1422 614 1465 perveniamus
643 1431 776 1455 necesse
807 1425 871 1462 est,
902 1431 977 1465 rep.
1010 1421 1026 1454 I
1057 1424 1111 1455 34.
1139 1425 1180 1456 51
1213 1421 1359 1466 deliyet,
1391 1422 1425 1455 si

97 1469 198 1503 modo
216 1469 336 1503 salvus
354 1479 423 1502 esse
441 1469 528 1509 vult,
547 1468 717 1511 optimum
734 1479 908 1512 quemque,
930 1467 1025 1501 infra
1042 1480 1076 1512 p.
1096 1472 1173 1503 118.
1188 1472 1208 1502 9
1229 1467 1270 1502 Si
1287 1469 1424 1513 yloriae

98 1526 209 1550 causa
232 1516 420 1560 imperium
441 1515 679 1559 eoepetundum
703 1519 764 1557 est,
789 1516 900 1549 scelus
924 1515 1028 1557 absit,
1052 1516 1111 1549 sin
1134 1516 1234 1559 ipsae
1257 1525 1338 1559 opes
1362 1526 1421 1549 ex—

96 1566 279 1607 petwntur,
303 1573 377 1597 non
396 1566 565 1606 poterunt
589 1563 692 1596 utiles
713 1573 793 1604 esse,
821 1573 857 1605 p.
880 1565 955 1596 114.
975 1565 997 1594 4
1016 1561 1097 1596 Hoc
1119 1563 1182 1607 qui
1207 1562 1424 1601 admiratur,

97 1611 130 1644 is
153 1610 320 1653 fateatur,
345 1613 423 1643 215.
451 1613 470 1643 3
495 1610 529 1643 si
552 1610 601 1651 is,
627 1609 690 1653 qui
713 1609 869 1651 molitur,
894 1609 1107 1651 intuebitur,
1132 1619 1232 1651 nam,
1259 1608 1363 1652 quid,
1391 1608 1423 1642 si

98 1667 193 1690 nunc
224 1655 379 1690 velimus
411 1657 493 1698 etc„
527 1655 804 1690 consecuturum
835 1655 900 1698 sit,
933 1655 1164 1690 deliberatur.
1214 1655 1297 1689 Non
1328 1654 1422 1688 nihil

99 1702 270 1737 differunt
299 1702 407 1737 talia:
438 1715 473 1748 p.
501 1706 555 1737 64.
583 1706 626 1737 25
657 1703 720 1747 qui
748 1713 783 1737 se
812 1703 921 1737 metui
949 1703 1110 1745 volent,
1141 1714 1165 1737 a
1194 1703 1325 1747 quibus
1353 1713 1422 1737 me-

97 1754 259 1793 tuentwr,
285 1751 419 1785 eosdem
442 1753 601 1785 metuant
624 1760 759 1784 necesse
782 1754 847 1793 est,
878 1761 913 1793 p.
940 1753 971 1785 8.
1000 1754 1041 1783 13
1067 1750 1160 1794 quod
1184 1750 1311 1784 vitium
1336 1750 1422 1793 effu-

98 1808 176 1843 gere
200 1798 263 1842 qui
285 1798 384 1839 volet,
411 1797 591 1832 adhibebit
614 1796 848 1842 ddiyentiam,
876 1800 929 1831 71.
956 1800 999 1831 20
1027 1795 1099 1840 Qui
1123 1797 1280 1840 adipisci
1303 1807 1423 1831 veram

99 1845 249 1890 yloriam
278 1845 383 1887 volet,
414 1845 579 1879 iustitiae
608 1844 784 1889 fungatur
813 1843 1034 1886 muneribus,
1070 1847 1124 1878 42.
1158 1847 1201 1877 29
1232 1844 1326 1888 quod
1356 1844 1423 1878 erit

97 1892 262 1934 facilius,
289 1891 322 1925 si
345 1892 481 1934 nolent,
509 1903 543 1935 p.
572 1894 625 1925 78.
654 1895 695 1925 17
721 1890 771 1924 In
793 1891 857 1932 iis,
881 1891 944 1935 qui
967 1901 1001 1925 se
1025 1891 1196 1925 adiuvari
1220 1891 1352 1932 volent,
1379 1910 1421 1914 —

99 1939 259 1973 debemus
291 1939 427 1982 (volunt
458 1938 536 1973 cod.
568 1937 618 1981 b),
649 1949 684 1981 p.
711 1941 764 1972 96.
791 1940 846 1980 28,
880 1941 956 1972 128.
983 1941 1039 1979 24,
1071 1936 1171 1972 Verr.
1198 1936 1248 1971 IV
1274 1940 1327 1972 58.
1357 1940 1422 1970 129

99 1986 254 2020 conicere
272 1986 432 2029 potestis,
457 1986 489 2019 si
512 1985 695 2019 recordari
718 1985 908 2019 volueritis.
955 1983 1006 2019 Cf.
1034 1996 1067 2028 p.
1098 1988 1173 2019 104.
1201 1989 1220 2019 9
1239 1995 1316 2028 sqq.
1343 1995 1423 2018 cum

99 2036 337 2076 comparatur,
362 2032 496 2074 iaceat,·
525 2043 603 2066 cum
628 2035 744 2066 autem
763 2032 1054 2075 postulabuntur,
1081 2035 1330 2075 anteponatwr,
1357 2029 1421 2064 fat.

102 2083 154 2114 18.
180 2083 223 2113 42
249 2080 311 2124 qui
334 2079 450 2122 fatum
474 2080 718 2121 introducunt,
744 2079 785 2112 in
809 2089 864 2113 eos
887 2079 1017 2113 valebit
1041 2079 1110 2113 illa
1134 2079 1330 2121 conclusio,·
1360 2078 1424 2122 qui

99 2130 216 2160 autem
247 2126 381 2168 dicent,
411 2127 453 2160 in
483 2136 537 2160 eos
567 2126 660 2160 nihil
690 2126 834 2167 valebit,
867 2124 950 2159 fam.
977 2125 1011 2158 ll
1040 2129 1067 2159 1.
1097 2129 1113 2159 1
1146 2126 1180 2160 si
1210 2126 1357 2170 iniquus
1388 2135 1423 2159 es

98 2174 224 2214 iudex,
249 2173 502 2214 condemnabo,
533 2173 591 2207 sin
614 2184 667 2207 me
691 2173 731 2207 id
753 2173 869 2215 facere
893 2173 1006 2213 noles,
1030 2172 1185 2215 debebis,
1213 2171 1253 2213 Q.
1278 2170 1322 2206 fr.
1349 2172 1363 2205 I
1391 2175 1421 2207 1.

101 2224 154 2254 11.
186 2224 229 2254 32
254 2221 287 2254 si
317 2221 567 2261 adversamur,
597 2220 842 2265 aimmeirins,-
871 2220 930 2254 sin
959 2220 1201 2263 obsequemur,
1228 2219 1421 2263 patiemur,

100 2266 192 2301 Sest.
219 2270 272 2302 68.
301 2270 366 2301 143
391 2268 432 2301 id
455 2277 525 2301 esse
549 2267 720 2311 optimum
744 2270 928 2311 putemus,
957 2267 1051 2310 quod
1080 2267 1148 2301 erit
1176 2266 1422 2307 rectissimum,

97 2324 290 2358 speremus,
314 2325 404 2359 quae
427 2314 604 2357 volumus,
629 2313 705 2356 sed,
731 2314 824 2358 quod
848 2313 1034 2356 acciderit,
1063 2313 1236 2356 feramus,
1269 2313 1344 2346 Att.
1372 2311 1423 2346 IV
