1673 2505
546 73 646 110 CAP.
674 78 801 108 9—11.
851 77 870 116 ξ
897 78 1047 110 33-39.
1372 77 1459 118 225

114 184 268 223 ventur
299 181 412 234 loco,
450 195 558 235 quae
596 182 697 221 sunt
729 180 984 234 animantia,
1029 195 1162 235 eaque
1200 182 1361 237 divina,
1403 184 1457 225 ob

116 253 293 294 eamque
337 253 510 280 causam
555 239 644 280 suis
689 239 861 280 sedibus
906 239 1132 281 inhaerent
1171 242 1213 281 et
1251 244 1457 296 perpetuo

116 300 301 340 manent.
364 297 480 346 Quae
513 300 657 338 autem
688 312 802 353 vaga
834 300 876 339 et
908 298 1108 339 mutabili
1147 300 1361 340 erratione
1400 300 1458 341 la-

114 357 285 410 buntur,
317 356 380 397 ita
406 358 611 411 generata
637 359 748 406 sunt,
777 359 825 397 ut
851 371 981 411 supra
1007 357 1203 398 diximus.
1243 356 1337 399 Iam
1356 373 1457 400 vero

79 428 94 452 5
116 418 288 468 terram,
322 415 517 456 altricem
537 417 744 468 nostram,
778 429 885 469 quae
915 415 1095 457 traiecto
1117 417 1185 457 axi
1210 417 1458 470 sustinetur,

116 474 198 515 diei
229 473 452 527 noctisque
486 473 741 514 effectricem
780 474 1041 528 eandemque
1068 475 1310 529 custodem,
1353 476 1459 517 anti-

116 532 368 587 quissimam
407 532 582 573 deorum
621 532 812 573 omnium
856 533 995 574 voluit
1040 548 1131 575 esse
1177 548 1341 588 eorum,
1387 535 1459 588 qui

114 591 231 632 intia
256 591 421 632 caelum
454 591 747 646 gignerentur.
797 590 1005 633 Lusiones
1039 595 1183 634 autem
1213 568 1389 634 deonim
1417 596 1460 634 et

114 649 256 690 inter
245 664 362 704 ipsos
384 649 484 691 deos
506 650 817 703 concursiones,
837 664 1029 704 quaeque
1048 651 1095 692 in
1114 651 1290 692 orbibus
1312 666 1459 693 eorum

63 721 97 746 10
117 708 415 750 conversiones
449 723 640 762 quaeque
673 708 987 750 antecessiones
1021 710 1236 764 eveniant,
1279 725 1459 764 cumque

114 767 227 808 inter
254 781 298 808 se
324 782 457 822 paene
484 767 750 832 contingant,
777 781 925 809 eorum
952 768 1025 822 qui
1050 783 1184 823 prope
1205 770 1460 824 copulentur

115 826 415 880 contrariaque
458 826 632 881 regione
677 829 719 867 et
763 840 873 881 pone
913 840 1019 880 quos
1059 830 1133 868 aut
1174 831 1272 869 ante
1313 828 1461 869 laban-

115 887 186 925 tur
213 885 451 939 quibusque
477 884 744 939 temporibus
771 900 796 926 a
822 887 972 926 nostro
1001 889 1176 940 aspectu
1201 886 1461 928 oblitescant

115 958 347 998 rursusque
380 943 534 985 emersi
566 946 774 984 terrorem
812 944 1026 985 incutiant
1062 945 1243 986 rationis
1281 946 1460 1000 experti-

64 1014 95 1039 15
115 1003 213 1056 bus,
264 1003 300 1043 si
344 1002 486 1043 verbis
532 1002 744 1056 explicare
794 1016 997 1043 conemur
1045 1003 1168 1044 nullo
1213 1004 1356 1058 posito
1405 1004 1460 1045 ob

116 1062 262 1102 oculos
307 1060 537 1102 simulacro
583 1075 729 1101 earum
781 1075 942 1114 rerum,
991 1060 1157 1102 frustra
1201 1062 1461 1116 suscipiatur

115 1120 250 1161 labor.
312 1118 394 1161 Sed
431 1119 537 1160 haec
582 1119 687 1160 satis
726 1119 814 1160 sint
853 1119 966 1160 dicta
1003 1119 1147 1174 nobis,
1189 1134 1374 1174 quaeque
1411 1121 1461 1162 de

116 1179 308 1232 deorum,
342 1178 415 1232 qui
441 1176 673 1219 cernuntur
700 1177 856 1232 quique
883 1180 983 1219 sunt
1011 1178 1114 1232 orti,
1152 1181 1310 1220 natura
1340 1194 1461 1234 prae-

114 1237 195 1279 fati
227 1251 386 1291 sumus,
417 1237 607 1278 habeant
636 1237 749 1278 hunc
781 1236 1024 1278 terminum.

63 1309 95 1333 20
202 1296 482 1362 Reliquorum
503 1298 659 1350 autem,
680 1309 786 1350 quos
809 1294 869 1336 Gr
873 1295 960 1337 aeci
983 1296 1197 1349 δαίμονας
1224 1296 1447 1351 appellant
1479 1279 1529 1318 ll

114 1355 271 1409 nostri,
311 1355 480 1410 opinor,
520 1354 670 1409 Laies,
709 1354 745 1395 si
777 1354 903 1396 modo
945 1354 1027 1396 hoc
1059 1357 1174 1396 recte
1207 1330 1460 1396 conversuni

115 1414 249 1456 videri
275 1416 432 1468 potest,
465 1416 507 1455 et
532 1428 658 1455 nosse
660 1388 723 1455 ,et
743 1413 966 1454 enuntiare
987 1416 1131 1454 01tum
1152 1428 1300 1455 eorum
1321 1414 1459 1455 maius

116 1475 193 1527 est,
227 1487 354 1527 quam
380 1475 429 1514 ut
454 1473 648 1527 profiteri
672 1486 751 1513 nos
779 1472 964 1513 scribere
991 1472 1235 1513 audeamus.
1280 1471 1461 1514 Creden-

117 1532 217 1572 dum
248 1531 452 1572 nimirum
485 1534 550 1572 est
582 1531 800 1573 veteribus
833 1533 876 1572 et
907 1531 1072 1585 priscis,
1103 1534 1152 1572 ut
1179 1531 1312 1585 aiunt,
1344 1532 1461 1585 viris,

63 1602 96 1627 25
118 1590 190 1645 qui
222 1605 266 1631 se
298 1590 549 1646 progeniem
576 1590 751 1632 deorum
779 1604 871 1631 esse
898 1590 1114 1643 (licebant,
1147 1590 1292 1644 itaque
1314 1605 1460 1632 eorum

115 1650 326 1691 vocabula
357 1649 481 1690 nobis
507 1649 799 1704 prodiderunt.
844 1647 984 1690 Nosse
1012 1651 1156 1690 autem
1184 1652 1460 1704 generatores

116 1722 215 1750 suos
248 1708 411 1763 optime
437 1710 651 1762 poterant,
682 1723 730 1750 ac
756 1706 929 1749 difficile
954 1706 1073 1749 factu
1100 1710 1165 1748 est
1192 1723 1217 1748 a
1244 1708 1331 1749 deis
1353 1708 1461 1749 ortis

114 1767 242 1808 fidem
273 1781 360 1809 non
389 1767 561 1820 habere,
594 1781 855 1821 quamquam
886 1781 963 1808 nec
996 1766 1262 1820 argumentis
1294 1781 1372 1808 nec
1397 1782 1461 1808 ra-

115 1826 306 1867 tionibus
340 1826 467 1868 certis
501 1840 645 1867 eorum
682 1825 820 1867 oratio
854 1825 1151 1879 confirmatur3
1184 1825 1258 1866 sed
1284 1825 1385 1880 quia
1411 1825 1461 1866 de

64 1895 96 1920 ³0
117 1884 203 1926 suis
238 1885 387 1938 [notis]
420 1885 548 1926 rebus
579 1885 779 1926 videntur
810 1884 947 1938 loqui,
980 1883 1116 1926 veteri
1147 1884 1234 1940 legi
1267 1885 1461 1939 morique

115 1943 350 1998 parendum
394 1946 471 1985 est.
534 1942 602 1985 Sic
644 1943 797 1999 igitur,
847 1945 895 1984 ut
940 1943 993 1984 ab
1037 1943 1089 1984 iis
1135 1946 1202 1984 est
1239 1942 1460 1997 traditum,

115 2003 269 2044 horum
301 2003 478 2044 deorum
511 2006 630 2044 ortus
656 2002 869 2044 habeatur
895 2004 1024 2056 atque
1051 2002 1231 2057 dicatur,
1261 2004 1310 2043 ut
1333 2001 1461 2044 Ocea-

114 2075 216 2102 num
249 2060 546 2116 Salaciamque
579 2061 700 2104 Caeli
738 2064 835 2103 satu
867 2060 1110 2115 Terraeque
1151 2063 1360 2116 conceptu
1393 2075 1462 2116 ge-

114 2122 287 2162 neratos
327 2121 549 2175 editosque
592 2133 896 2171 memoremus,
942 2134 992 2160 ex
1032 2120 1100 2161 his
1139 2118 1374 2161 Saturnum
1419 2122 1462 2160 et

62 2189 95 2214 35
116 2178 268 2233 Opem,
300 2179 497 2235 deinceps
529 2178 677 2222 Iovem
710 2182 839 2234 atque
870 2177 1091 2234 Iunonem,
1123 2179 1332 2233 reliquos,
1363 2192 1463 2231 quos

114 2236 272 2279 fratres
303 2237 416 2279 inter
448 2253 493 2279 se
532 2241 800 2295 agnatosque
838 2237 1039 2292 usurpari
1081 2240 1211 2292 atque
1249 2238 1462 2292 appellari

114 2296 319 2350 videmus,
352 2299 394 2338 et
415 2312 572 2353 eorum,
598 2300 646 2339 ut
666 2300 840 2339 utamur
859 2299 1005 2339 vetere
1029 2297 1172 2348 verbo,
1199 2296 1460 2352 prosapiam.

185 2371 257 2397 010.
275 2372 327 2398 1v.
349 2373 372 2398 3.
1204 2369 1246 2399 15

1486 370 1527 401 37

1488 1335 1531 1366 38

1488 1954 1528 1987 39
