1673 2505
144 426 196 465 10

140 477 184 506 24

140 1681 183 1712 25

139 2177 181 2209 26

211 96 296 138 432
381 95 556 131 ORATIO
583 96 746 131 PRIDIE
774 95 911 137 QUAM
938 96 989 130 IN
1014 96 1218 131 EXILIUM
1243 97 1366 133 IRET.

210 218 280 245 ros
306 218 423 245 meos
448 203 494 244 in
519 206 706 245 vestram
729 204 856 244 fidem
881 204 1097 258 recipiatis
1125 218 1279 259 eosque
1306 205 1541 247 defendatis

209 276 314 304 neve
345 261 539 303 inimicos
572 276 689 303 meos
721 262 892 317 longius
924 262 968 302 in
992 262 1204 303 familiam
1228 266 1423 305 nostram
1448 279 1542 318 pro-

211 321 330 376 gredi
360 321 598 375 patiamini,
630 320 789 374 utique,
823 321 912 362 sive
943 320 1055 365 hines
1074 321 1218 370 abiero
1251 322 1339 363 sive
1370 322 1439 364 hic
1471 337 1542 364 ero

211 394 451 434 oppressus,
484 394 533 420 ea
564 381 736 420 maneat
768 379 924 433 opinio¹
945 381 988 420 et
1020 379 1292 434 existimatiO,
1325 395 1431 434 quae
1457 381 1541 422 vir-

210 440 301 479 tute
335 442 471 491 parta,
501 451 587 478 non
614 452 720 491 quae
745 437 998 479 infelicitate
1026 438 1163 479 inlata
1188 441 1264 479 est.
1314 438 1436 480 Nunc
1463 454 1541 495 ego

209 500 268 549 te,
310 496 504 550 Iuppiter
541 496 702 549 optime
739 496 938 550 maxime,
984 496 1100 537 cuius
1143 499 1251 538 nutu
1294 511 1342 538 ac
1380 497 1542 540 dicione

211 556 303 597 sola
333 557 546 595 terrarum
578 555 889 608 gubernantur,
925 557 1070 609 teque,
1110 555 1324 610 particeps
1362 556 1543 610 conubii,

210 614 325 656 socia
356 613 495 668 regni,
526 613 676 668 regina
707 613 831 667 Iuno,
862 616 1005 668 teque,
1038 614 1249 668 Tritonia,
1281 614 1542 668 armipotens

210 671 502 727 Gorgophona
526 671 670 713 Pallas
696 672 899 726 Minerva,
932 673 1143 726 ceterique
1176 672 1217 713 di
1250 673 1434 727 deaeque
1465 673 1543 714 im-

210 731 434 783 mortales,
470 730 543 784 qui
574 731 797 772 excellenti
828 731 994 772 tumulo
1027 731 1214 773 civitatis
1248 732 1390 773 sedem
1422 730 1543 786 Capi-

209 790 289 831 toli
338 790 383 830 in
433 804 534 830 saxo
585 789 773 830 incolitis
824 789 1123 841 constitutam,
1179 793 1226 831 ut
1274 805 1360 832 non
1403 790 1543 832 solum

211 850 407 890 cunctam
436 848 605 901 intueri,
637 848 710 889 sed
743 848 873 889 etiam
904 848 1015 889 tueri
1046 849 1223 903 possitis
1250 849 1487 903 civitatem,
1520 864 1544 890 a

211 922 391 962 quorum
424 921 503 962 ego
528 907 742 960 quondam
775 907 940 948 altariis
974 907 1152 961 impiam
1184 907 1339 949 civium
1370 922 1544 948 manum

209 966 382 1015 removi,
409 981 434 1006 a
460 980 640 1019 quorum
660 966 833 1020 templis
854 981 947 1006 meo
967 966 1155 1020 periculo
1175 966 1388 1008 funestam
1407 966 1543 1008 facem

209 1024 389 1079 reppuli,
408 1038 461 1065 ne
477 1024 831 1065 inlustrissimum
852 1025 968 1066 orbis
989 1027 1200 1066 terrarum
1219 1027 1542 1066 monumentum

210 1099 303 1125 cum
324 1083 514 1138 principe
536 1083 724 1124 omnium
744 1086 955 1124 terrarum
976 1083 1185 1124 occideret
1202 1084 1386 1138 civitate,
1406 1085 1543 1138 teque,

209 1142 403 1197 Iuppiter
417 1140 575 1195 Stator,
596 1157 721 1196 quem
740 1157 837 1183 vere
857 1142 982 1183 huius
1002 1142 1170 1197 imperii
1190 1145 1397 1183 statorem
1414 1143 1543 1184 maio-

209 1215 276 1243 res
301 1201 440 1242 nostri
464 1201 805 1254 nominaverunt,
837 1201 954 1242 cuius
980 1201 1025 1241 in
1049 1201 1210 1255 templo
1236 1201 1440 1242 hostilem
1467 1201 1542 1242 im-

208 1262 356 1315 petum
396 1258 608 1301 Catilinae
644 1260 812 1314 reppuli
850 1275 874 1301 a
915 1260 1065 1313 muris,
1109 1260 1227 1300 cuius
1270 1260 1481 1313 templum
1519 1274 1544 1301 a

209 1318 393 1360 Romulo
432 1319 557 1359 victis
590 1317 759 1359 Sabinis
797 1319 842 1359 in
873 1319 1014 1359 Palati
1051 1318 1191 1359 radice
1223 1333 1318 1359 cum
1348 1317 1543 1359 Victoria
1564 1332 1577 1353 2

210 1380 275 1418 est
301 1377 582 1431 conlocatum,
615 1392 689 1417 oro
718 1379 845 1431 atque
872 1391 1058 1431 opsecro,
1089 1377 1197 1418 ferte
1227 1391 1351 1431 opem
1381 1377 1544 1431 pariter

208 1436 271 1477 rei
296 1435 492 1490 publicae
519 1438 778 1489 cunctaeque
808 1435 975 1477 civitati
1001 1435 1190 1489 meisque
1214 1435 1411 1489 fortunis,
1443 1435 1543 1476 resi-

211 1495 310 1536 stite
347 1494 576 1535 tribunicio
614 1494 769 1549 furori,
812 1494 952 1535 favete
992 1494 1277 1546 innocentiae,
1321 1494 1542 1535 subvenite

211 1553 443 1607 solitudini,
468 1553 729 1594 miseremini
754 1553 996 1607 senectutis,
1024 1553 1159 1594 nolite
1185 1568 1280 1594 eum
1308 1553 1543 1607 supplicem

210 1628 235 1654 a
259 1612 380 1653 vobis
408 1613 647 1653 absterrere
673 1614 715 1652 et
742 1612 973 1665 excludere,
1006 1611 1078 1666 qui
1102 1612 1148 1652 in
1179 1626 1254 1653 suo
1287 1612 1544 1666 magistratu
1564 1624 1577 1647 ⁴2

209 1672 424 1712 funestam
444 1671 580 1712 facem
607 1686 631 1711 a
651 1671 805 1712 vestris
831 1670 1019 1725 reppulit
1044 1671 1229 1725 templis.
1279 1669 1324 1711 Si
1344 1670 1387 1712 C.
1406 1669 1543 1711 Mario

211 1730 369 1773 auxilio
400 1729 561 1783 fuistis,
600 1729 712 1784 quod
748 1730 792 1770 in
830 1730 939 1771 clivo
973 1728 1218 1784 Capitolino
1249 1729 1543 1783 improborum

210 1789 366 1830 civium
390 1789 550 1830 fecerat
576 1788 758 1842 caedem,
784 1788 820 1829 si
846 1788 890 1829 P.
918 1786 1117 1842 Scipioni,
1150 1788 1261 1842 quod
1286 1788 1543 1829 Hannibalis

208 1847 483 1889 furibundam
503 1850 689 1888 mentem
716 1862 739 1888 a
764 1847 919 1888 vestris
946 1847 1135 1902 reppulit
1160 1847 1346 1902 templis,
1372 1846 1409 1888 si
1432 1846 1544 1887 deni-

211 1921 290 1961 que
323 1906 395 1948 Cn.
420 1905 638 1960 Pompeio,
671 1906 784 1960 quod
814 1908 930 1946 terra
961 1906 1153 1959 marique
1184 1906 1330 1947 hostes
1362 1905 1544 1946 reddidit

210 1967 399 2019 pacatos,
432 1965 492 2007 sic
523 1980 634 2006 nunc
664 1965 709 2005 in
740 1964 845 2005 meis
875 1964 1195 2006 calamitatibus
1223 1965 1411 2018 aliquam
1437 1964 1545 2004 ferte

212 2039 334 2078 opem
362 2024 566 2078 divinam,
591 2026 640 2065 ut
666 2038 792 2078 saepe
818 2023 1053 2064 multorum
1079 2023 1122 2064 in
1147 2023 1347 2078 periculis
1369 2022 1545 2074 fecistis,

210 2083 270 2124 sic
306 2097 417 2124 nunc
453 2083 498 2123 in
535 2083 639 2124 meis
679 2081 862 2123 miseriis
901 2082 1091 2123 (livinum
1129 2082 1301 2136 aliquod
1339 2081 1546 2123 auxilium

143 2129 252 2182 11et
294 2156 452 2182 numen
496 2141 717 2182 ostendite.
779 2140 942 2182 Deinde
986 2155 1079 2195 vos,
1127 2155 1307 2195 quorum
1351 2142 1545 2194 potestas

208 2200 401 2254 proxime
434 2200 487 2241 ad
518 2200 692 2241 deorum
723 2199 1034 2240 immortalium
1065 2214 1222 2240 numen
1254 2199 1432 2252 accedit,
1472 2212 1544 2240 oro
1567 2208 1580 2232 3

210 2261 337 2312 atque
382 2273 576 2314 opsecro,
622 2258 775 2313 quibus
821 2258 1076 2313 singillatim
1115 2272 1239 2312 saepe
1279 2257 1458 2312 supplex
1495 2256 1548 2298 ad

208 2317 336 2372 pedes
368 2317 493 2371 iacui,
525 2320 572 2358 ut
605 2332 717 2372 eum,
751 2332 875 2371 quem
909 2317 1068 2372 singuli
1100 2319 1285 2358 stratum
1318 2318 1445 2370 atque
1478 2316 1548 2357 ab·

1566 745 1596 769 10

1564 1037 1595 1062 15

1564 1915 1598 1941 30
