1663 2490
200 94 256 135 28
726 94 790 128 DE
818 94 1016 129 OFFICIIS

131 187 185 228 23
287 200 471 242 Omnino
503 201 609 242 illud
645 201 891 254 honestum,
935 201 1048 255 quod
1091 216 1141 242 ex
1185 201 1326 243 animo
1364 202 1531 243 excelso

131 239 173 270 79
201 259 511 314 magnificoque
544 260 803 313 quaerimus,
835 259 967 300 animi
998 260 1191 313 efficitur,
1222 274 1309 301 non
1339 260 1530 314 corporis

199 318 374 359 viribus.
421 318 715 359 Exercendum
745 320 891 359 tamen
921 332 1073 373 corpus
1106 320 1149 360 et
1174 318 1236 359 ita
1262 317 1531 360 afficiendum

201 379 283 430 est,
302 379 351 417 ut
376 376 574 418 oboedire
600 376 779 418 consilio
805 376 1045 431 rationique
1070 377 1210 432 possit
1234 376 1279 417 in
1305 390 1531 431 exsequen-

201 435 264 476 dis
296 435 482 491 negotiis
515 437 558 476 et
588 435 632 475 in
664 434 811 476 labore
837 435 1072 477 tolerando.
1112 434 1354 477 Honestum
1386 438 1530 477 autem
1565 447 1582 473 5

199 493 260 548 id,
293 494 405 548 quod
430 493 708 547 exquirimus,
733 496 874 534 totum
901 496 966 535 est
990 493 1179 549 positum
1204 494 1250 535 in
1275 493 1407 535 animi
1432 508 1532 536 eura

201 554 245 593 et
276 552 555 608 cogitatione3
592 551 636 592 in
675 566 757 606 quo
795 566 881 593 11011
917 552 1124 594 minorem
1162 552 1396 594 utilitatem
1434 552 1532 593 affe·

200 613 318 664 runt,
351 610 423 664 qui
453 610 596 666 togati
626 610 687 651 rei
718 610 913 665 publicae
938 614 1161 665 praesunt,
1195 625 1322 665 quam
1347 611 1420 665 qui
1445 611 1531 652 bel-

200 669 291 710 lum
331 671 497 724 gerunt.
564 668 715 722 Itaque
759 683 905 710 eorum
949 669 1127 711 consilio
1166 684 1291 724 saepe
1335 672 1410 711 aut
1445 683 1532 711 non

202 731 399 782 suscepta
424 730 499 769 aut
525 727 717 769 confecta
742 727 857 769 bella
883 730 1003 781 sunt,
1027 742 1115 769 non
1138 742 1372 782 numquam
1398 728 1528 769 etiam
1552 741 1585 765 10

200 786 354 840 i,nlata
385 789 433 827 ut
458 785 513 827 Μ.
535 785 711 827 Catonis
742 786 902 827 bellum
927 786 1104 827 tertium
1123 785 1343 840 Punicum,
1373 786 1418 827 in
1449 801 1532 840 quo

131 856 174 887 80
202 845 332 886 etiam
366 844 525 886 mortui
556 844 693 886 valuit
718 845 963 886 auctoritas.
1014 843 1152 893 Quare
1179 820 1413 900 expetenda
1444 846 1533 899 qui·
1561 850 1569 857 ’

202 903 297 944 dem
329 903 468 959 magis
501 906 567 944 est
599 903 847 945 decernendi
878 903 990 944 ratio
1024 918 1151 957 quam
1178 903 1421 945 decertandi
1450 903 1534 945 for-

202 961 360 1015 titudo,
381 962 454 1003 sed
479 962 724 1016 cavendum,
749 976 802 1003 ne
826 962 870 1003 id
895 962 1084 1003 bellandi
1110 962 1248 1017 magis
1274 962 1379 1018 fuga
1404 976 1533 1016 quam

200 1020 404 1062 utilitatis
430 1021 596 1062 ratione
621 1020 840 1062 faciamus.
883 1019 1053 1062 Bellum
1079 1023 1223 1062 autem
1247 1021 1309 1062 ita
1334 1020 1534 1076 suseipia-
1555 1033 1586 1059 15

205 1083 292 1133 tur,
328 1082 377 1121 ut
412 1079 521 1121 nihil
554 1079 669 1120 aliud
698 1080 782 1120 nisi
813 1094 895 1134 pax
928 1079 1123 1133 quaesita
1153 1079 1358 1121 videatur.

288 1137 431 1179 Fortis
480 1152 580 1179 vero
632 1138 763 1179 animi
812 1140 855 1179 et
903 1139 1143 1180 constantis
1187 1140 1253 1179 est
1305 1152 1390 1180 non
1440 1152 1533 1192 per-

202 1196 369 1239 turbari
408 1197 453 1238 in
483 1197 610 1237 rebus
643 1197 804 1251 asperis
842 1211 918 1238 1100
948 1197 1284 1238 tumultuantem
1317 1197 1366 1238 de
1399 1196 1534 1253 gradu
1569 1235 1573 1243 ,

203 1255 325 1309 deici,
371 1257 421 1297 ut
467 1255 637 1308 dicitur,
685 1255 757 1296 sed
799 1256 1015 1310 praesenti
1059 1255 1200 1297 animo
1244 1255 1308 1296 uti
1350 1258 1393 1297 et
1436 1269 1525 1297 con-

133 1324 169 1355 81
203 1314 299 1355 silio
330 1328 408 1356 1100
439 1328 464 1354 a
489 1314 655 1355 ratione
692 1314 916 1355 discedere.
976 1312 1244 1368 Quamquam
1274 1314 1355 1356 hoc
1393 1314 1534 1367 animi,
1553 1327 1586 1352 20

202 1372 309 1414 illud
360 1372 491 1414 etiam
539 1372 701 1428 ingenii
748 1372 895 1427 magni
945 1375 1027 1426 est,
1081 1372 1325 1428 praecipere
1375 1372 1534 1428 cogita—

202 1432 319 1472 tione
373 1430 520 1472 futura
574 1434 617 1472 et
671 1431 892 1485 aliquanto
949 1433 1047 1472 ante
1102 1431 1379 1485 constituere,
1434 1431 1535 1485 quid

203 1489 390 1532 accidere
433 1489 571 1545 possit
613 1489 658 1530 in
699 1492 925 1544 utramque
962 1492 1148 1544 partem,
1192 1492 1235 1531 et
1278 1489 1378 1544 quid
1410 1503 1534 1545 agen-

204 1549 303 1590 dum
353 1549 427 1603 sit,
482 1563 577 1590 cum
628 1548 728 1602 quid
778 1548 982 1603 evenerit,
1030 1563 1106 1590 1100
1161 1548 1444 1602 committere,
1487 1551 1535 1590 ut

204 1607 432 1661 aliquando
477 1606 699 1648 dicendum
736 1607 809 1648 sit:
848 1606 962 1648 ‘Non
998 1607 1226 1662 putaram'.
1286 1606 1404 1649 Haec
1435 1609 1535 1648 sunt
1554 1618 1587 1644 25

204 1680 334 1720 opera
358 1666 506 1721 magni
532 1666 664 1707 animi
696 1668 739 1707 et
765 1665 920 1707 excelsi
952 1668 994 1707 et
1019 1665 1247 1720 prudentia
1272 1665 1533 1720 consilioque

204 1724 392 1778 fidentis3
437 1727 597 1766 temere
635 1727 778 1766 autem
815 1724 860 1765 in
891 1724 980 1765 acie
1011 1725 1174 1766 versari
1205 1727 1248 1765 et
1278 1739 1408 1766 manu
1439 1739 1534 1766 011111

203 1784 328 1825 hoste
360 1783 588 1838 confligere
619 1783 804 1825 immane
837 1782 1037 1837 quiddam
1069 1785 1112 1824 et
1141 1783 1364 1824 beluarum
1396 1783 1534 1824 simile

205 1844 287 1896 est3
330 1842 403 1883 sed
443 1856 538 1883 cum
582 1844 749 1897 tempus
791 1841 1107 1895 necessitasque
1146 1842 1355 1896 postulat,
1396 1841 1534 1883 (10001-

204 1900 382 1942 tandum
426 1915 555 1942 manu
599 1903 664 1942 est
708 1903 750 1942 et
794 1914 908 1941 mors
953 1900 1151 1941 servituti
1194 1900 1535 1955 turpitudinique
1554 1911 1587 1936 30

206 1959 512 2013 anteponenda.

292 2017 357 2059 De
389 2017 628 2059 evertendis
661 2020 803 2059 autem
842 2016 1171 2071 diripiendisque
1202 2017 1379 2058 urbibus
1411 2017 1535 2058 valde

207 2076 560 2118 considerandum
592 2079 658 2117 est
687 2091 741 2117 ne
767 2075 867 2130 quid
892 2078 1068 2129 temere,
1094 2090 1146 2116 ne
1173 2076 1274 2130 quid
1299 2075 1535 2117 crudeliter

205 2126 338 2189 quue
377 2137 442 2176 est
486 2135 632 2190 magni
670 2134 768 2189 viri,
812 2134 937 2175 rebus
978 2134 1153 2189 agitatis
1192 2134 1341 2189 punire
1379 2137 1536 2185 sontes,

206 2193 524 2235 multitudinem
556 2208 825 2247 conservare,
855 2192 901 2234 in
926 2193 1042 2234 omni
1066 2192 1241 2234 fortuna
1266 2195 1382 2234 recta
1408 2195 1536 2247 atque
1556 2203 1587 2229 35

206 2252 388 2294 honesta
427 2251 620 2293 retinere.
691 2250 752 2293 Ut
795 2252 907 2293 0111111
949 2253 1065 2305 sunt,
1107 2266 1231 2306 quem
1273 2251 1325 2293 ad
1364 2251 1536 2293 modum

209 2325 340 2366 supra
372 2310 475 2364 dixi,
509 2310 580 2364 qui
611 2309 786 2351 urbanis
818 2310 945 2351 rebus
971 2310 1148 2351 bellicas
1176 2312 1451 2365 anteponant,
1476 2310 1536 2352 sio

137 2002 192 2044 24

137 2054 179 2086 82
