1673 2505
427 85 708 122 PHILOSOPH.
734 85 773 121 F.
799 85 851 120 IX
881 90 1027 122 11—17.
1312 89 1400 130 337

61 210 134 239 nos
174 197 309 245 duces,
358 208 529 247 quorum
573 194 788 235 virtutibus
834 194 953 246 quasi
995 194 1235 246 quibusdam
1277 197 1402 238 stellis

61 256 236 298 Latinae
266 253 420 295 micant
448 252 668 295 historiae?
701 251 906 294 Pulvillus
931 251 1181 305 Capitolium
1212 254 1402 296 dedicans

60 316 284 365 mortuum,
314 314 362 353 ut
389 311 670 361 nuntiabatur,
700 311 830 352 subito
860 311 994 364 filium
1024 325 1066 353 se
1095 312 1216 354 iussit
1243 312 1403 355 absente

59 371 229 425 sepeliri.
278 370 326 412 L.
353 369 512 412 Paulus
535 373 682 423 septem
706 370 844 411 diebus
872 370 980 412 inter
1009 370 1183 412 duorum
1214 373 1403 424 exequias

27 444 42 470 5
60 431 240 484 tiliorum
278 428 536 482 triumphans
570 429 709 470 urbem
745 430 948 482 inqressus
989 432 1055 471 est.
1116 428 1401 472 Praetermitto

61 489 289 541 Maximos,
327 487 514 539 Catones,
553 486 698 536 Galos,
736 487 920 540 Pisones,
960 487 1134 542 Brutos,
1177 488 1401 543 Scaevolas,

60 547 264 597 Metellos,
304 546 501 600 Scauros,
543 546 748 596 Marcios,
792 546 980 600 Crassos,
1021 547 1242 589 Marcellos
1283 551 1403 600 atque

60 606 268 659 Aufidios,
310 619 482 659 quorum
523 619 606 647 non
649 606 784 646 minor
820 606 867 646 in
905 605 1013 647 luctu
1049 619 1172 658 quam
1209 607 1254 648 in
1290 607 1402 649 bellis

59 666 190 706 virtus
224 665 328 718 fuit,
369 667 407 706 et
446 677 619 717 quorum
661 664 848 705 orbitates
883 664 930 705 in
966 663 1264 707 Consolationis
1301 666 1402 708 libro

11 739 42 765 ιο
65 724 226 766 Tullius
267 723 491 776 explicavit.
532 747 582 752 —
627 723 816 764 Indidem
852 723 940 764 sine
979 723 1098 765 dubio
1134 725 1266 777 petita
1307 729 1404 767 sunt

61 782 258 836 exempla,
296 795 398 835 quae
434 782 518 835 ipse
550 780 685 824 Cicero
716 782 850 823 eodem
880 795 1008 832 anno,
1044 796 1121 835 quo
1157 784 1311 837 scripta
1347 787 1405 826 est

62 841 302 891 Consolatio,
328 841 483 894 colleqit
503 841 603 893 fam.
622 840 697 882 IV
717 844 754 882 6.
780 844 805 881 1
830 854 887 882 ex.
910 840 954 892 Q.
973 841 1169 896 Maximi,
1194 842 1242 884 L.
1262 842 1402 897 Pauli,

63 900 179 951 Gali,
216 899 279 942 M.
317 898 502 953 Catonis,
540 903 577 941 et
611 913 714 952 quae
752 899 839 940 Val.
876 900 994 941 Max.
1032 902 1245 942 exornavit
1281 901 1322 943 V
1350 905 1403 944 10

61 959 216 1001 Horati
247 958 437 1012 Pulvilli,
469 959 623 1000 Aemili
653 958 797 1010 Pauli,
831 958 875 1010 Q.
907 959 1048 1000 Marci
1077 959 1210 1013 Reqis.

9 1031 42 1056 ιε)
154 1018 218 1059 16.
251 1016 332 1060 Cic.
363 1018 448 1058 Att.
481 1017 584 1058 XII
610 1019 678 1059 20.
710 1019 740 1059 2
779 1017 907 1058 Velim
938 1031 1001 1059 me
1031 1018 1166 1070 facias
1196 1020 1402 1061 certiorem

53 1077 259 1131 proximis
290 1076 451 1130 litteris,
482 1075 555 1119 Cn.
587 1075 750 1129 Caepio,
780 1075 977 1118 Serviliae
1002 1076 1153 1119 Claudi
1175 1081 1313 1131 pater,
1343 1080 1402 1120 vi-

60 1149 158 1177 vone
179 1138 302 1189 patre
331 1148 402 1177 suo
433 1135 654 1188 naufraqio
677 1135 848 1187 perierit
884 1149 940 1176 an
976 1139 1151 1190 mortuo,
1187 1137 1283 1178 item
1313 1136 1401 1178 Ru-

62 1195 154 1236 tilia
189 1195 328 1236 vivone
360 1192 401 1236 C.
434 1193 565 1244 Cotta,
602 1193 688 1246 filio
725 1206 816 1247 suo,
855 1197 1016 1235 mortua
1051 1195 1107 1236 sit
1140 1209 1198 1236 an
1233 1199 1402 1238 mortuo.

61 1253 272 1295 Pertinent
317 1253 373 1294 ad
418 1266 509 1294 eum
559 1253 726 1306 librum,
774 1266 891 1305 quem
938 1253 985 1295 de
1034 1253 1142 1295 luctu
1183 1255 1402 1296 minuendo

27 1327 43 1351 0
62 1312 307 1365 scripsimus.
349 1335 398 1340 —
438 1311 503 1353 Ib.
539 1314 610 1353 22.
646 1314 677 1353 2
712 1311 778 1353 De
813 1311 976 1353 Rutilia
1017 1314 1211 1365 quoniam
1253 1314 1403 1355 videris

62 1371 263 1425 dubitare,
299 1371 446 1413 scribes
483 1371 539 1412 ad
573 1384 651 1424 me,
689 1384 779 1412 cum
808 1371 922 1424 scies,
959 1372 1029 1413 sed
1055 1385 1180 1424 quam
1202 1373 1402 1426 primum,

62 1433 98 1472 et
132 1444 231 1471 num
267 1428 412 1472 Clodia
447 1429 502 1471 D.
540 1429 676 1470 Bruto
716 1430 942 1480 consulari,
985 1430 1072 1483 filio
1107 1444 1202 1486 suo,
1244 1435 1402 1474 mortuo

61 1489 217 1531 vixerit.
256 1513 310 1517 —
350 1488 413 1530 Π).
449 1491 519 1531 23.
556 1491 586 1530 2
631 1488 684 1530 Ut
717 1489 824 1530 scias
859 1502 921 1529 me
956 1490 1016 1530 ita
1052 1490 1199 1543 dolere,
1238 1494 1285 1532 ut
1319 1505 1403 1532 non

62 1549 237 1589 iaceam:
263 1547 408 1600 quibus
432 1547 660 1589 consulibus
680 1546 907 1589 Carneades
931 1551 969 1589 et
991 1562 1038 1589 ea
1063 1549 1206 1603 leqatio
1225 1549 1403 1591 Romam

18 1621 44 1646 25
67 1608 229 1661 venerit,
265 1607 460 1660 scriptum
496 1610 554 1648 est
587 1607 633 1648 in
669 1609 736 1647 tuo
774 1607 938 1655 annali,·
978 1606 1074 1649 haec
1104 1621 1214 1649 nunc
1242 1622 1402 1663 quaero,

62 1679 165 1719 quae
194 1679 320 1708 causa
347 1666 475 1717 fuerit
503 1665 569 1718 (de
602 1664 744 1718 Oropo,
774 1666 928 1718 opinor,
961 1667 1030 1707 sed
1058 1669 1209 1708 certum
1240 1667 1402 1722 nescio),

63 1728 110 1778 et,
140 1726 177 1767 si
204 1726 261 1766 ita
285 1728 352 1778 cst,
383 1738 485 1777 quae
509 1725 810 1778 controversiae,
832 1728 1045 1777 praeterea
1068 1726 1139 1778 qui
1163 1740 1205 1767 eo
1232 1730 1404 1780 tempore

62 1784 208 1826 nobilis
243 1783 472 1837 Epicureus
505 1784 633 1836 fuerit
668 1783 859 1837 Athenis,
898 1784 969 1836 qui
997 1785 1229 1837 praefuerit
1262 1785 1402 1836 hortis,

63 1843 135 1896 qui
159 1843 281 1884 etiam
305 1842 479 1885 Athenis
503 1839 718 1884 πολιτικοὶ
740 1842 897 1894 fuerint
921 1843 1115 1892 illustres,
1148 1857 1251 1897 quae
1280 1845 1402 1886 etiam

23 1915 46 1940 ³0
64 1915 113 1944 ex
141 1901 382 1956 Apollodori
412 1904 511 1954 puto
541 1914 660 1954 posse
694 1901 882 1944 inveniri.
918 1925 967 1931 —-
1001 1901 1066 1944 Ib.
1096 1905 1167 1944 24.
1197 1906 1228 1945 2
1267 1903 1322 1946 Ut
1349 1905 1406 1946 ad

63 1974 173 2003 meas
197 1961 371 2014 ineptias
395 1961 565 2014 redeam,
590 1960 707 2002 velim
731 1973 795 2001 me
818 1961 1024 2002 certiorem
1044 1961 1191 2015 facias,
1215 1962 1264 2004 P.
1284 1962 1403 2005 Cras-

62 2033 149 2071 sus,
186 2018 401 2062 Venuleiae
436 2020 565 2072 filius,
602 2019 741 2061 vivone
770 2018 819 2061 P.
852 2018 998 2062 Crasso
1028 2021 1252 2075 consulari,
1283 2025 1404 2075 patre

63 2092 148 2133 suo,
177 2082 362 2121 mortuus
392 2078 457 2129 sit,
487 2082 534 2120 ut
562 2092 629 2132 eqo
660 2078 888 2120 meminisse
911 2079 1057 2133 videor,
1088 2093 1144 2121 an
1162 2084 1276 2133 post,·
1308 2082 1404 2122 item

62 2151 211 2190 quaero
240 2138 288 2180 de
317 2137 486 2192 Reqillo,
518 2137 664 2191 Lepidi
693 2137 797 2190 filio,
827 2140 977 2180 rectene
1007 2139 1259 2181 meminerim
1287 2143 1404 2193 patre

29 2207 45 2233 5
65 2197 152 2238 vivo
182 2199 399 2239 mortuum.

154 2256 220 2297 17.
256 2256 442 2298 Lactant.
486 2257 542 2298 ad
577 2255 680 2298 Stat.
720 2255 840 2297 Theb.
877 2256 910 2297 Ι
939 2260 1022 2299 306
1057 2257 1210 2299 Mortis
1246 2271 1404 2300 somnos

65 2312 227 2356 ‘dulces’
265 2316 386 2368 dixit,
423 2328 522 2356 nam
552 2315 596 2356 in
628 2316 713 2356 vita
743 2315 876 2357 dulces
905 2329 989 2357 non
1019 2319 1131 2366 sunt,
1169 2319 1216 2357 ut
1244 2315 1404 2358 Cicero:

136 2389 206 2415 010.
225 2390 278 2416 IV.
298 2390 322 2416 3.
1076 2388 1120 2418 ‘22
