1663 2490
183 80 237 120 68
704 78 766 113 DE
794 77 992 113 OFFICIIS

113 198 156 229 34
184 187 456 229 arbitramur.
518 186 684 228 Harum
721 185 856 241 igitur
893 185 1074 228 duarum
1112 185 1165 228 ad
1202 186 1330 227 fidem
1369 185 1523 228 facien-

184 246 282 287 dam
307 245 474 287 iustitia
500 245 597 300 plus
623 244 770 300 pollet,
797 244 953 299 quippe
981 259 1076 286 cum
1102 259 1152 286 ea
1177 245 1268 286 51110
1295 244 1523 299 prudentia

184 304 290 346 satis
322 305 481 346 habeat
513 303 804 356 auctoritatis,
835 303 1063 357 prudentia
1094 303 1184 345 sine
1216 303 1384 344 iustitia
1413 303 1523 345 nihil

182 365 300 405 valet
337 363 389 404 ad
426 363 664 404 faciendam
699 361 840 404 fidem.
902 360 994 410 Quo
1032 362 1145 403 enim
1184 362 1278 417 quis
1310 362 1524 404 versutior

183 426 227 463 et
270 422 483 474 callidior,
527 421 608 462 hoc
650 420 830 462 invisior
871 423 914 462 et
950 421 1189 475 suspectior
1227 423 1292 462 est
1331 420 1524 463 detracta

183 481 382 536 opinione
402 480 644 536 probitatis.
677 478 814 528 Quam
835 479 889 520 ob
909 494 1000 521 rem
1018 480 1342 535 intellegentiae
1355 480 1524 521 iustitia

183 540 420 592 coniuncta,
453 541 661 592 quantum
692 538 821 592 volet,
852 538 1030 580 habebit
1054 538 1108 579 ad
1131 538 1371 581 faciendam
1395 538 1523 580 fidem

182 599 357 652 virium3
394 597 562 639 iustitia
599 597 691 638 sine
728 597 957 652 prudentia
994 597 1179 639 multum
1215 598 1394 652 poterit,
1432 597 1522 638 sine

184 657 353 698 iustitia
383 656 492 698 1111111
524 656 687 698 valebit
720 656 957 710 prudentia.

272 715 354 757 Sed
384 730 439 756 ne
471 715 565 770 quis
598 715 654 755 sit
686 715 943 769 admiratus,
975 729 1066 769 cur,
1104 729 1200 756 eum
1231 714 1344 756 inter
1376 729 1524 756 omnes

182 774 466 840 philosophos
504 776 673 816 constet
707 788 732 815 a
769 788 920 827 meque
956 774 1052 828 ipso
1092 787 1217 828 saepe
1255 773 1524 828 disputatum

185 834 259 888 sit,
298 834 370 888 qui
401 848 530 874 unam
562 833 759 886 haberet,
797 846 944 874 omnes
976 832 1135 874 habere
1173 832 1375 886 virtutes,
1412 847 1525 874 nune

182 892 246 934 ita
278 892 519 948 seiungam,
558 892 681 945 quasi
717 891 857 946 possit
895 891 1139 946 quisquam,
1179 891 1251 945 qui
1288 905 1375 932 non
1411 891 1524 933 idem

182 951 369 1007 prudens
397 951 466 1005 sit,
496 950 636 992 iustus
662 964 765 1004 esse,
798 950 884 992 alia
910 952 976 991 est
1000 950 1090 1004 illa,
1122 965 1217 992 cum
1242 950 1402 991 veritas
1429 950 1525 1000 ipsa

183 1011 361 1052 limatur
391 1010 437 1051 in
468 1009 776 1064 disputatione,
809 1009 1048 1063 subtilitas,
1082 1009 1185 1063 alia,
1223 1024 1319 1051 cum
1351 1010 1405 1050 ad
1437 1009 1524 1064 opi·

116 697 170 738 10

113 749 157 779 35

183 1070 357 1111 nionem
383 1083 650 1111 communem
671 1068 809 1110 omnis
830 1067 1177 1110 accommodatur
1197 1068 1348 1109 oratio.
1387 1067 1524 1116 Quam

183 1129 239 1170 ob
265 1143 368 1182 rem,
399 1130 448 1169 ut
472 1128 639 1183 volgus,
664 1128 726 1169 ita
750 1141 828 1169 nos
854 1127 936 1169 hoc
961 1127 1055 1169 loco
1082 1127 1310 1181 loquimur,
1340 1129 1389 1168 ut
1415 1127 1523 1169 alios

182 1188 331 1241 fortes,
357 1187 466 1228 alios
489 1187 606 1228 viros
630 1186 779 1237 bonos,
806 1186 915 1228 alios
940 1186 1170 1240 prudentes
1197 1200 1290 1227 esse
1317 1186 1524 1239 dicamus3

182 1246 463 1301 popularibus
495 1245 607 1287 enim
638 1245 779 1286 verbis
813 1247 878 1286 est
904 1245 1116 1300 agendum
1143 1247 1185 1285 et
1210 1244 1396 1299 usitatis,
1428 1260 1524 1287 cum

183 1304 399 1359 loquimur
443 1305 494 1346 de
532 1304 731 1359 opinione
774 1304 991 1359 populari,
1033 1304 1160 1358 idque
1204 1303 1352 1344 eodem
1396 1304 1523 1345 modo

115 1376 161 1408 3ss
183 1363 286 1405 fecit
310 1363 555 1405 Panaetius.
606 1361 687 1404 Sed
720 1362 773 1404 ad
797 1362 1068 1418 propositum
1093 1369 1371 1404 revertamur.
1416 1362 1525 1404 Erat

183 1423 318 1478 igitur
350 1437 400 1463 ex
432 1422 484 1463 115
515 1422 668 1475 tribus,
700 1436 807 1475 quae
836 1422 890 1463 ad
922 1421 1106 1477 gloriam
1138 1421 1413 1475 pertinerent,
1444 1421 1525 1463 hoc

184 1482 379 1535 tertium,
416 1484 465 1522 ut
496 1496 591 1522 cum
623 1480 906 1522 admiratione
937 1480 1161 1522 hominum
1191 1480 1353 1522 honore
1385 1480 1440 1521 ab
1471 1480 1523 1521 iis

185 1541 304 1596 digni
336 1539 630 1582 iudicaremur.
680 1538 961 1580 Admirantur
985 1539 1121 1595 igitur
1149 1539 1433 1580 communiter
1457 1539 1523 1580 illi

186 1599 357 1654 quidem
383 1599 538 1653 omnia,
565 1613 673 1652 quae
699 1613 856 1653 magna
882 1601 924 1639 et
947 1600 1118 1653 praeter
1137 1598 1381 1653 opinionem
1402 1612 1523 1639 suam

186 1658 592 1711 animadverterunt,
625 1657 857 1712 separatim
889 1660 1044 1712 autem,
1075 1657 1122 1698 in
1152 1657 1334 1712 singulis
1367 1657 1403 1698 si
1432 1672 1524 1711 per-

185 1717 372 1772 spiciunt
402 1716 658 1771 necopinata
690 1716 898 1770 quaedam
929 1716 1054 1758 bona.
1108 1715 1259 1769 Itaque
1299 1730 1371 1757 eos
1407 1716 1523 1757 viros

186 1776 425 1831 suspiciunt
462 1775 757 1829 maxumisque
795 1775 986 1817 ecferunt
1023 1774 1239 1828 laudibus,
1283 1774 1329 1815 in
1369 1775 1522 1829 quibus

186 1836 450 1877 existumant
481 1849 525 1875 se
558 1834 815 1875 excellentes
847 1834 1053 1888 quasdam
1086 1836 1129 1875 et
1161 1833 1400 1889 singulares
1432 1848 1523 1888 per-

187 1894 349 1949 spicere
380 1893 576 1947 virtutes,
609 1892 846 1947 despiciunt
878 1896 1020 1934 autem
1052 1907 1124 1934 eos
1157 1894 1200 1933 et
1231 1895 1522 1946 contemnunt,

185 1953 231 1993 in
264 1953 417 2007 quibus
449 1952 558 1993 nihil
589 1951 782 2005 virtutis,
819 1951 928 1992 nihil
967 1951 1116 2005 animi,
1153 1951 1263 1992 nihil
1294 1965 1524 1993 nervorum

186 2014 354 2066 putant.
407 2010 506 2053 Non
539 2011 650 2052 enim
683 1985 828 2052 01111105
861 2025 933 2052 005
965 2013 1255 2064 contemnunt,
1287 2010 1337 2051 de
1369 2010 1524 2065 quibus

187 2070 299 2111 male
344 2070 616 2111 existumant.
689 2068 802 2110 Nam
846 2084 952 2123 quos
996 2069 1236 2135 improbos,
1280 2069 1523 2120 malediCOS,

185 2129 482 2170 fraudulentos
515 2131 671 2183 putant
697 2130 739 2169 et
771 2128 824 2170 ad
844 2128 1121 2169 faciendam
1108 2128 1310 2169 iniuriam
1342 2128 1523 2169 instruc·
1649 2168 1655 2179 A

186 2190 274 2241 tos,
311 2202 382 2229 eos
421 2188 534 2229 haud
572 2189 850 2229 contemnunt
888 2187 1075 2241 quidem,
1122 2187 1195 2228 sed
1233 2186 1283 2228 de
1319 2187 1372 2228 iis
1411 2168 1663 2252 11101103514ζζ

188 2247 459 2288 existumant.
522 2245 658 2294 Quam
691 2246 744 2287 ob
776 2261 878 2296 rem,
909 2248 958 2286 ut
990 2248 1087 2287 ante
1120 2245 1218 2299 dixi,
1250 2248 1523 2287 eontemnun·
1585 2260 1586 2263 ¹
1639 2243 1663 2249 ”’

185 2308 259 2347 tur
289 2305 332 2359 ii,
364 2304 480 2360 qui‘
488 2319 577 2347 nec
609 2305 711 2346 sibi
741 2319 830 2347 nec
862 2304 1050 2359 alteri',
1081 2307 1130 2346 ut
1161 2304 1328 2360 dicitur,
1358 2304 1403 2345 in
1434 2303 1523 2358 qui·
