1663 2490
200 66 284 106 120
723 63 788 98 DE
814 64 1012 99 OFFICHS

198 176 314 216 emat
347 173 533 227 denario,
565 172 679 228 quod
711 172 767 213 sit
799 172 916 213 mille
948 172 1212 214 denarium?
1262 172 1538 228 Perspicuum

199 236 265 274 est
295 233 394 285 iam,
427 235 470 274 et
502 232 603 286 quid
635 231 741 272 mihi
772 231 988 285 videatur,
1020 233 1063 272 et
1095 245 1202 285 quae
1234 231 1292 273 sit
1321 232 1434 273 inter
1465 247 1537 274 eos

198 291 499 346 philosophos,
532 304 638 344 quos
670 289 908 343 nominavi,
940 291 1242 331 controversia.

129 351 184 392 24
285 350 419 391 Pacta
449 352 492 390 et
523 348 738 403 promissa
776 362 997 402 semperne
1031 349 1240 390 servanda
1272 349 1376 403 sint,
1415 361 1536 400 QUAE

199 420 287 450 NEC
321 420 367 449 VI
399 418 490 448 NEC
523 418 649 448 Dono
682 418 827 459 MALo,
867 409 915 448 ut
946 409 1166 461 praetores
1199 408 1357 461 solent,
1389 419 1539 450 FACTA
1576 420 1592 445 r>

200 479 316 509 SINT.
360 465 405 507 Si
425 466 520 520 quis
540 465 898 506 medicamentum
918 465 1103 520 cuipiam
1123 466 1286 507 dederit
1305 466 1358 507 ad
1385 481 1540 521 aquam

198 527 453 567 intercutem
480 524 789 579 pepigeritque,
821 523 858 565 si
884 538 932 565 eo
960 524 1269 566 medicamento
1297 539 1425 567 sanus
1456 525 1540 567 fac-

199 588 269 626 tus
303 587 428 638 esset,
459 598 511 624 ne
544 584 619 624 illo
652 583 961 624 medicamento
996 598 1197 637 umquam
1229 586 1379 638 postea
1405 587 1540 626 utere-

200 646 291 695 tur,
324 643 360 684 si
392 657 440 684 eo
474 642 783 683 medicamento
816 656 944 683 sanus
977 641 1115 683 factus
1149 642 1205 682 sit
1237 645 1279 683 et
1311 643 1433 683 annis
1467 643 1541 684 ali-

202 704 306 756 quot
349 704 448 756 post
491 701 688 742 inciderit
731 700 774 741 in
818 700 997 741 eundem
1038 701 1236 741 morbum
1273 715 1350 742 nec
1387 701 1440 742 ab
1481 716 1541 754 eo,
1563 713 1594 738 1⁰

202 761 372 815 quicum
404 760 647 814 pepigerat,
685 760 906 813 impetret,
944 761 992 800 ut
1027 759 1184 800 iterum
1222 773 1270 800 eo
1306 760 1435 801 liceat
1465 760 1541 814 uti,

202 819 303 873 quid
335 818 576 860 faciendum
610 818 677 859 sit.
740 817 846 859 Cum
880 818 937 858 sit
968 818 1004 858 is
1037 818 1313 872 inhumanus,
1353 819 1425 873 qui
1456 834 1543 860 non

201 877 418 931 concedat,
448 891 525 918 nee
558 876 596 918 ei
626 877 852 931 quiequam
878 877 955 918 fiat
980 877 1172 931 iniuriae,
1203 877 1317 918 vitae
1344 881 1386 918 et
1412 877 1544 919 saluti

131 948 174 979 93
203 936 521 978 consulendum.
590 934 728 983 Quid?
774 936 810 976 si
850 935 922 989 qui
961 935 1130 990 sapiens
1168 939 1347 991 rogatus
1387 936 1444 977 sit
1488 937 1541 978 ab

202 1010 264 1049 eo,
297 995 369 1049 qui
396 1010 491 1036 eum
521 994 719 1036 heredem
745 993 888 1047 faciat,
920 1009 1015 1036 eum
1042 995 1079 1035 ei
1105 997 1365 1036 testamento
1392 998 1543 1036 sester-
1565 1005 1596 1031 15

201 1055 311 1096 tium
350 1054 488 1095 milies
528 1053 812 1107 relinquatur,
850 1055 916 1107 ut,
958 1055 1057 1094 ante
1095 1068 1222 1107 quam
1260 1054 1545 1096 hereditatem

203 1113 346 1165 adeat,
384 1113 477 1154 luce
509 1113 653 1167 palam
685 1112 729 1152 in
764 1111 859 1153 foro
899 1112 1045 1166 saltet,
1084 1112 1210 1166 idque
1249 1127 1293 1154 se
1330 1112 1546 1155 facturum

202 1171 467 1227 promiserit,
509 1171 623 1225 quod
661 1171 786 1211 aliter
823 1170 1022 1212 heredem
1061 1185 1156 1212 eum
1195 1172 1432 1226 scripturus
1470 1172 1545 1213 ille

202 1245 289 1272 non
321 1232 445 1283 esset,
478 1229 621 1283 faciat,
653 1229 765 1284 quod
792 1230 1049 1284 promiserit,
1081 1231 1244 1271 necne?
1289 1230 1544 1272 Promisisse

203 1290 364 1331 nollem
397 1292 439 1330 et
470 1288 512 1329 id
544 1288 732 1329 arbitror
763 1288 895 1329 fuisse
928 1288 1176 1343 gravitatis3
1214 1289 1417 1343 quoniam
1450 1304 1545 1344 pro·
1565 1300 1599 1325 20

204 1348 339 1401 misit,
381 1347 417 1388 si
450 1348 608 1388 saltare
640 1347 683 1387 in
714 1346 808 1388 foro
842 1350 966 1401 turpe
999 1347 1140 1401 ducet,
1178 1347 1400 1389 honestius
1432 1363 1545 1390 men-

203 1407 346 1460 tietur,
380 1407 416 1447 si
448 1421 497 1447 ex
530 1406 769 1447 hereditate
799 1405 909 1446 nihil
941 1406 1113 1461 ceperit,
1145 1420 1274 1460 quam
1306 1406 1342 1448 si
1374 1408 1547 1462 ceperit,

203 1466 287 1507 nisi
318 1465 430 1507 forte
463 1480 556 1506 eam
589 1464 812 1519 pecuniam
844 1464 888 1505 in
919 1464 980 1505 rei
1011 1464 1208 1520 publicae
1241 1479 1445 1520 magnum
1472 1466 1547 1507 ali-

205 1524 317 1579 quod
350 1527 519 1579 tempus
552 1524 800 1576 contulerit,
840 1526 888 1564 ut
925 1523 993 1564 vel
1031 1524 1208 1578 saltare,
1247 1539 1341 1565 eum
1380 1525 1546 1580 patriae

135 1624 184 1641 W
204 1584 478 1626 consulturus
512 1582 588 1636 sit,
620 1585 745 1637 turpe
776 1596 861 1623 non
895 1582 962 1623 sit.
1566 1594 1599 1618 25

135 1625 190 1706 ἐξ
293 1642 357 1683 Ac
389 1657 441 1683 ne
473 1641 551 1682 illa
584 1641 753 1695 quidem
785 1642 998 1696 promissa
1036 1641 1245 1683 servanda
1283 1645 1400 1695 sunt,
1439 1656 1546 1696 quae

204 1716 291 1743 non
324 1703 424 1742 sunt
454 1700 507 1741 iis
539 1700 645 1755 ipsis
678 1700 823 1754 utilia,
855 1700 1009 1754 quibus
1042 1700 1119 1741 illa
1150 1700 1409 1755 promiseris.
1472 1699 1546 1742 Sol

204 1759 468 1801 Phaethonti
500 1759 602 1813 filio,
633 1761 682 1800 ut
714 1758 935 1800 redeamus
967 1758 1021 1800 ad
1048 1758 1231 1813 fabulas,
1263 1760 1476 1800 facturum
1502 1774 1547 1801 se

205 1833 296 1860 esse
336 1818 460 1871 dixit,
499 1817 699 1872 quiequid
732 1820 944 1872 optasset,
982 1818 1171 1872 optavit,
1209 1821 1258 1859 ut
1294 1818 1338 1858 in
1376 1833 1546 1860 currum

204 1877 342 1932 patris
380 1877 623 1930 tolleretur3
665 1876 861 1918 sublatus
895 1879 970 1917 est.
1033 1877 1169 1931 Atqui
1200 1877 1253 1929 is,
1286 1879 1385 1918 ante
1418 1891 1547 1931 quam
1567 1887 1602 1913 30

205 1936 422 1990 constitit,
471 1936 559 1977 ictu
607 1935 800 1976 fulminis
845 1935 1108 1991 deflagravit.
1182 1934 1350 1984 Quanto
1395 1936 1548 1977 melius

205 1995 347 2036 fuerat
384 1995 429 2035 in
466 1994 547 2036 hoc
585 1994 846 2049 promissum
883 1994 1020 2049 patris
1057 2008 1143 2035 non
1182 2008 1274 2035 esse
1312 1996 1546 2036 servatum!

207 2052 335 2107 Quid,
385 2053 498 2107 quod
536 2053 726 2094 Theseus
775 2054 917 2108 exegit
953 2052 1215 2107 promissum
1253 2067 1278 2094 a
1314 2052 1548 2108 Neptuno?

207 2113 274 2154 cui
315 2127 410 2153 cum
454 2115 541 2153 tres
588 2112 831 2166 optationes
869 2110 1095 2166 Neptunus
1135 2111 1338 2166 dedisset,
1382 2111 1550 2167 optavit

206 2171 429 2212 interitum
455 2170 685 2225 Hippolyti
716 2171 807 2224 filii,
839 2185 934 2212 cum
965 2170 1002 2211 is
1034 2171 1150 2225 patri
1182 2173 1404 2225 suspectus
1437 2173 1550 2212 esset
1570 2182 1603 2207 3⁵
1661 2182 1663 2206 1

208 2229 258 2271 de
285 2244 484 2283 noverea3
517 2243 600 2283 quo
628 2231 778 2284 optato
805 2229 1035 2284 impetrato
1058 2229 1247 2270 Theseus
1268 2229 1313 2271 in
1338 2229 1549 2285 maxumis

140 2299 180 2330 {³5
207 2288 515 2347 fuitluetibus.
573 2286 694 2341 Quid,
725 2289 832 2342 quod
855 2288 1155 2344 Agamemnon
1181 2303 1277 2330 cum
1305 2287 1550 2330 devovisset
