1663 2490
373 70 462 106 LIB.
488 70 552 105 111.
603 69 703 106 CAP.
732 75 879 106 17—19.
929 74 948 113 ς
974 74 1125 106 69—75.
1342 71 1425 111 113

82 179 175 231 bus,
206 177 526 234 peculatoribus
557 177 638 220 hoc
669 178 763 220 loco
795 177 1088 220 disserendum
1120 180 1203 232 est,
1236 178 1308 232 qui
1338 193 1425 219 non

83 237 225 280 verbis
257 238 358 278 sunt
383 238 427 278 et
452 236 743 292 disputatione
770 237 1140 293 philosophorum,
1172 236 1246 278 sed
1272 236 1424 278 vinclis

83 299 127 338 et
156 309 324 338 carcere
352 294 584 351 fatigandi,
615 296 689 337 sed
720 296 825 338 haec
855 295 1192 349 consideremus,
1225 310 1333 349 quae
1363 295 1423 337 fa-

82 355 199 398 ciunt
229 354 278 408 ii,
316 353 389 408 qui
419 353 634 396 habentur
674 355 788 396 boni.
848 354 895 396 L.
925 354 1085 396 Minuci
1116 354 1272 407 Basili,
1311 354 1424 396 locu—

47 426 63 452 5
81 413 211 469 pletis
242 412 442 467 hominis,
473 412 631 454 falsum
660 416 969 455 testamentum
995 413 1168 468 quidam
1195 428 1217 454 e
1244 412 1424 455 Graecia

80 471 264 514 Romam
291 471 542 513 attulerunt.
592 470 714 520 Quod
740 487 823 527 quo
849 472 1018 514 facilius
1040 472 1296 527 optinerent,
1325 472 1424 514 scri-

79 533 258 586 pserunt
289 530 466 572 heredes
497 545 640 572 secum
672 531 728 573 M.
751 531 955 574 Crassum
987 534 1031 573 et
1061 530 1108 580 Q.
1130 530 1424 584 Hortensium,

80 589 276 631 homines
308 589 497 631 eiusdem
524 590 679 632 aetatis
707 591 1052 645 potentissimos3
1084 590 1156 644 qui
1189 605 1284 631 cum
1316 589 1424 631 illud

79 647 239 690 falsum
278 662 370 690 esse
409 649 746 703 suspicarentur,
785 650 867 691 sibi
906 652 1051 691 autem
1087 649 1249 690 nullius
1281 651 1426 690 essent

29 718 63 744 10
81 707 239 750 conscii
266 707 427 762 culpae,
460 707 588 749 alieni
619 708 824 750 facinoris
855 708 1155 750 munusculum
1186 722 1273 749 non
1303 722 1425 763 repu-

81 766 316 808 diaverunt.
361 765 471 814 Quid
497 767 630 822 ergo?
657 767 772 808 satin
797 769 863 808 est
888 767 982 822 hoc,
1007 770 1055 809 ut
1079 781 1167 809 non
1193 766 1425 821 deliquisse

78 825 334 867 videantur?
378 824 487 866 Mihi
513 826 683 880 quidem
709 840 796 867 non
822 825 1004 879 videtur,
1036 840 1296 880 quamquam
1322 826 1426 867 alte-

0 921 1 926 ,
79 899 175 925 rum
213 884 359 925 vivum
397 884 556 938 amavi,
600 885 784 926 alterum
827 899 914 926 non
952 884 1022 926 odi
1059 886 1296 938 mortuum3
1340 885 1425 939 sed,
1451 895 1496 928 74

0 929 2 991 ἶ
81 958 176 985 cum
208 942 380 984 Basilus
411 942 468 985 M.
500 941 708 998 Satrium,
741 943 901 984 sororis
932 943 1082 997 filium,
1113 957 1269 984 nomen
1301 957 1425 984 suum

29 1012 64 1038 15
81 1001 192 1043 ferre
230 1001 440 1043 voluisset
477 1016 657 1056 eumque
699 1001 873 1043 fecisset
915 1001 1115 1042 heredem
1159 1001 1289 1054 (hunc
1332 1002 1425 1044 dico

78 1063 312 1116 patronum
338 1059 435 1116 agri
458 1059 605 1102 Piceni
631 1063 674 1101 et
699 1058 866 1114 Sabini3
898 1074 921 1101 o
948 1063 1120 1115 turpem
1146 1063 1295 1102 notam
1320 1063 1425 1102 tem—

78 1134 233 1175 porum
265 1121 439 1171 [nomen
469 1119 662 1171 illorum]
673 1117 715 1173 1),
753 1133 841 1160 non
872 1122 965 1160 erat
996 1134 1180 1174 aequum
1211 1119 1425 1174 principes

80 1178 185 1221 civis
228 1192 319 1219 rem
357 1177 533 1232 habere,
578 1178 632 1219 ad
670 1176 860 1219 Satrium
902 1178 1012 1219 nihil
1055 1181 1227 1232 praeter
1269 1193 1426 1220 nomen

79 1237 313 1293 pervenire.
375 1236 566 1290 Etenim,
605 1236 641 1278 si
671 1237 726 1291 is,
764 1237 836 1291 qui
873 1251 960 1278 non
997 1237 1185 1278 defendit
1224 1237 1425 1278 iniuriam

28 1307 62 1332 ²0
79 1310 216 1350 neque
242 1296 483 1351 propulsat,
512 1310 607 1337 cum
633 1298 790 1350 potest,
815 1295 973 1337 iniuste
998 1296 1114 1349 facit,
1139 1298 1188 1338 ut
1213 1296 1259 1337 in
1283 1296 1424 1351 primo

79 1355 192 1397 libro
225 1354 426 1409 disserui,
459 1355 598 1409 qualis
630 1354 852 1396 habendus
885 1358 951 1396 est
981 1355 1037 1408 is,
1076 1355 1149 1409 qui
1179 1369 1266 1396 non
1298 1355 1424 1397 modo

78 1428 168 1456 non
197 1413 388 1468 repellit,
428 1413 502 1455 sed
534 1414 665 1455 etiam
699 1414 874 1455 adiuvat
905 1413 1136 1455 iniuriam?
1196 1413 1305 1456 Mihi
1337 1414 1422 1468 qui-

81 1472 177 1514 dem
215 1473 346 1514 etiam
382 1487 508 1514 verae
544 1472 807 1514 hereditates
844 1487 931 1514 non
966 1473 1173 1515 honestae
1213 1473 1424 1527 videntur,

82 1531 118 1574 si
150 1535 251 1573 sunt
282 1531 513 1573 malitiosis
544 1531 789 1586 blanditiis,
827 1531 1067 1574 officiorum
1104 1546 1191 1573 non
1228 1532 1424 1586 veritate,

28 1600 62 1626 25
82 1590 156 1633 sed
200 1590 475 1632 simulatione
520 1591 750 1645 quaesitae.
823 1590 960 1645 Atqui
1002 1591 1048 1632 in
1089 1591 1253 1632 talibus
1296 1591 1424 1633 rebus

81 1649 198 1692 aliud
216 1650 323 1691 utile
342 1649 570 1703 interdum,
590 1649 707 1691 aliud
725 1649 955 1691 honestum
969 1650 1104 1691 videri
1123 1650 1245 1691 solet.
1276 1649 1425 1705 Falso3
1440 1660 1482 1693 75

79 1723 181 1750 nam
206 1708 355 1750 eadem
380 1708 598 1763 utilitatiS,
626 1722 734 1763 quae
753 1708 1008 1763 honestatiS,
1036 1711 1103 1750 est
1120 1709 1282 1764 regula.
1327 1708 1409 1757 Qui
1421 1715 1494 1759 (75)

79 1767 162 1809 hoc
191 1782 278 1809 non
309 1767 555 1823 perviderit,
588 1768 641 1809 ab
673 1767 755 1809 hoc
782 1768 904 1809 nulla
927 1767 1046 1809 fraus
1074 1768 1225 1822 aberit,
1255 1767 1424 1810 nullum

79 1826 257 1868 facinus.
319 1825 388 1868 Sic
420 1826 533 1868 enim
564 1826 779 1882 cogitans:
819 1826 914 1868 tEst
950 1827 1062 1868 istuc
1094 1826 1265 1880 quidem
1296 1826 1424 1868 hone-

29 1887 214 1939 Sostum,
263 1899 411 1927 verum
461 1885 543 1927 hoc
587 1885 777 1940 expedit'
822 1900 889 1926 res
935 1901 960 1927 a
1002 1888 1157 1927 natura
1200 1886 1423 1940 copulatas

81 1944 255 1987 audebit
286 1958 429 1986 errore
462 1944 676 1998 divellere,
709 1944 782 1998 qui
812 1944 908 1986 fons
942 1947 1008 1985 est
1035 1944 1264 1999 fraudium,
1294 1945 1423 1986 male-

80 2003 285 2057 ficiorum,
318 2003 526 2045 scelerum
558 2004 760 2045 omnium.
822 2002 985 2058 Itaque,
1017 2003 1053 2045 si
1085 2003 1151 2045 vir
1181 2004 1318 2045 bonus
1350 2004 1422 2045 ha·
1441 2003 1494 2046 19

81 2061 181 2104 beat
211 2062 322 2104 hanc
352 2062 460 2117 vim,
496 2064 561 2117 ut,
600 2062 637 2103 si
674 2062 821 2118 digitis
854 2063 1164 2117 concrepuerit,
1202 2062 1342 2117 possit
1378 2063 1423 2104 in

81 2119 361 2176 locupletium
393 2123 656 2162 testamenta
692 2136 849 2163 nomen
887 2122 975 2162 eius
1013 2122 1225 2177 inrepere,
1262 2121 1343 2163 hac
1380 2122 1424 2163 vi

30 2187 65 2216 3⁵
80 2193 167 2221 non
184 2182 346 2234 utatur,
370 2194 423 2222 ne
451 2180 487 2221 si
507 2180 779 2235 exploratum
800 2180 970 2235 quidem
996 2180 1155 2222 habeat
1179 2180 1224 2221 id
1249 2180 1423 2222 omnino

81 2237 295 2280 neminem
326 2253 531 2294 umquam
563 2239 890 2294 suspicaturum.
947 2238 1008 2280 At
1039 2240 1161 2281 dares
1192 2239 1304 2282 hane
1334 2239 1423 2281 vim

81 2295 139 2338 M.
157 2295 326 2352 Crasso,
351 2300 400 2339 ut
420 2298 657 2354 digitorum
681 2298 956 2353 percussione
980 2297 1105 2341 heres
1124 2300 1273 2354 posset
1292 2297 1423 2354 scrip·

152 2371 224 2399 otc.
242 2373 295 2400 1v.
314 2373 339 2400 s.
1188 2370 1211 2403 8

0 2220 5 2248 b
