1663 2490
216 47 273 88 50
738 45 802 81 DE
830 44 1028 81 OFFICIIS

214 169 313 196 nem
346 158 389 196 et
420 157 649 209 praecepta
681 154 911 207 desiderat,
943 168 1050 208 quae
1078 157 1220 196 autem
1253 169 1387 209 parva
1412 155 1552 197 viden·

215 219 287 255 tur
319 228 411 255 esse
444 213 600 255 delicta
631 227 768 267 neque
800 228 825 254 a
851 213 999 253 multis
1031 213 1229 268 intellegi
1260 217 1461 268 possunt,
1501 214 1554 255 ab

215 273 268 314 iis
313 275 378 314 est
421 272 672 327 diligentius
717 271 1026 312 declinandum.
1095 270 1156 313 Ut
1197 272 1242 312 in
1285 271 1442 313 fidibus
1481 275 1556 313 aut

215 331 354 384 tibiis,
387 332 582 385 quamvis
614 330 790 385 paulum
818 330 1077 384 discrepent,
1102 333 1248 371 tamen
1275 330 1318 371 id
1345 345 1370 372 a
1396 330 1555 372 sciente

215 389 499 432 animadverti
532 389 662 441 solet,
702 388 761 430 sic
792 388 1021 430 videndum
1060 392 1126 430 est
1164 389 1208 430 in
1240 389 1330 430 vita
1361 403 1413 430 ne
1444 389 1555 430 forte
1593 402 1608 426 ⁵

216 449 317 504 quid
350 449 580 503 discrepet,
612 448 678 488 vel
712 447 849 488 multo
882 447 1013 488 etiam
1039 448 1197 503 magiS,
1230 462 1312 501 quo
1345 448 1483 489 maior
1515 451 1557 489 et
1642 447 1643 450 ’

234 508 386 549 melior
419 508 635 549 actionum
668 520 796 559 quam
837 520 1038 547 sonorum
1070 509 1302 548 concentus
1335 509 1411 548 est.
1472 506 1556 548 Ita-

216 581 315 621 que,
353 569 401 607 ut
438 566 481 607 in
520 565 676 606 fidibus
710 564 966 606 musicorum
1001 579 1124 606 aures
1156 566 1223 606 vel
1257 565 1435 606 minima
1467 579 1556 607 sen-

214 626 340 678 tiunt,
373 624 433 666 sic
462 638 554 677 nos,
587 624 622 664 si
650 637 767 664 acres
795 638 843 665 ac
870 623 1099 678 diligentes
1126 638 1217 665 esse
1243 624 1442 666 volumus
1469 624 1556 665 ani-

215 683 633 737 madversores[que]
663 682 879 736 vitiorum,
912 696 1070 737 magna
1095 696 1221 737 saepe
1253 682 1555 738 intellegemus
1578 695 1610 721 ιο

216 756 264 784 ex
297 742 453 797 parvis.
502 741 567 783 Ex
602 741 823 783 oculorum
850 744 1016 795 optutu,
1045 741 1369 795 superciliorum
1397 744 1472 782 aut
1496 756 1556 783 re-

215 801 419 843 missione
452 804 526 842 aut
551 800 862 853 contractione,
895 814 944 841 ex
971 800 1209 852 maestitia,
1241 814 1290 841 ex
1323 800 1556 854 hilaritate,

215 875 264 901 ex
303 860 411 913 risu,
451 874 500 901 ex
539 859 772 912 locutione,
820 873 869 899 ex
910 859 1151 911 reticentia,
1190 873 1238 900 ex
1284 859 1556 901 contentione

216 919 344 971 vocis,
377 933 425 960 ex
459 918 770 970 summissione,
804 932 853 958 ex
880 917 1032 959 ceteris
1060 918 1274 958 similibus
1301 917 1426 959 facile
1452 917 1556 959 iudi-

214 978 419 1031 cabimus,
452 977 551 1032 quid
579 991 728 1018 eorum
755 980 855 1031 apte
881 976 969 1030 fiat,
1002 976 1102 1030 quid
1129 977 1182 1017 ab
1210 975 1351 1018 officio
1384 979 1555 1018 natura·
1579 988 1609 1014 15

215 1051 295 1091 que
328 1036 550 1091 discrepet.
614 1035 704 1084 Quo
738 1035 780 1076 in
814 1049 968 1091 genere
1000 1049 1084 1077 non
1124 1038 1190 1076 est
1226 1035 1557 1089 incommodum,

215 1095 341 1149 quale
374 1095 559 1150 quidque
592 1109 737 1136 eorum
765 1094 833 1148 sit,
866 1108 915 1135 ex
942 1094 1039 1135 aliis
1065 1094 1264 1148 iudicare,
1295 1098 1355 1148 ut,
1388 1095 1424 1136 si
1456 1094 1556 1148 quid

215 1154 415 1196 dedeceat
452 1155 495 1195 in
533 1154 639 1207 illis,
682 1154 865 1194 vitemus
910 1153 1010 1207 ipsi,
1053 1153 1103 1194 fit
1141 1153 1253 1194 enim
1291 1153 1433 1195 nescio
1473 1168 1555 1207 quo

215 1213 359 1266 modo,
392 1215 439 1254 ut
471 1212 610 1267 magis
642 1212 685 1253 in
719 1212 815 1253 aliis
848 1225 1070 1253 cernamus
1104 1226 1232 1266 quam
1264 1212 1308 1253 in
1339 1212 1556 1253 nobismet

214 1273 332 1327 ipsis,
358 1272 394 1313 si
421 1271 521 1325 quid
548 1271 820 1325 delinquitur.
870 1270 1020 1324 Itaque
1041 1270 1258 1312 facillume
1281 1271 1556 1326 corriguntur
1576 1283 1609 1308 20

215 1332 257 1372 in
291 1330 502 1383 discendo,
535 1344 716 1384 quorum
748 1330 854 1370 vitia
886 1330 1112 1371 imitantur
1144 1329 1395 1371 emendandi
1429 1344 1556 1372 causa

148 1400 209 1430 147
232 1390 442 1445 magistri.
494 1387 582 1430 Nec
609 1403 709 1429 vero
737 1389 923 1429 alienum
950 1391 1016 1429 est
1042 1388 1094 1429 ad
1124 1402 1174 1429 ea
1206 1388 1414 1443 eligenda,
1448 1403 1554 1443 quae

215 1449 527 1490 dubitationem
567 1447 768 1497 afferunt,
813 1447 1014 1488 adhibere
1059 1446 1206 1488 doctos
1250 1447 1445 1489 homines
1486 1449 1555 1489 vel

215 1508 345 1549 etiam
378 1521 456 1548 usu
483 1506 644 1561 peritos
677 1509 731 1559 et,
764 1506 864 1560 quid
891 1506 943 1547 iis
970 1505 1020 1547 de
1048 1520 1216 1560 quoque
1243 1505 1374 1547 officii
1401 1521 1554 1562 genere

214 1566 400 1621 placeat,
439 1565 669 1620 exquirere.
732 1564 869 1606 Maior
908 1565 1020 1606 enim
1059 1579 1159 1619 pars
1192 1579 1241 1606 eo
1278 1564 1367 1606 fere
1401 1565 1554 1607 deferri
1576 1577 1607 1602 2⁵

215 1626 337 1678 solet,
371 1639 453 1679 quo
486 1639 512 1665 a
542 1626 698 1665 natura
729 1624 823 1678 ipsa
856 1623 1087 1665 deducitur.
1144 1622 1194 1664 In
1226 1624 1380 1677 quibus
1412 1624 1554 1666 viden-

215 1684 315 1726 dum
348 1686 426 1737 est,
457 1697 542 1724 non
575 1682 701 1724 modo
735 1682 835 1736 quid
863 1683 1041 1736 quisque
1072 1683 1286 1736 loquatur,
1318 1683 1391 1724 sed
1424 1683 1554 1725 etiam

215 1743 316 1797 quid
349 1743 527 1796 quisque
566 1742 725 1783 sentiat
760 1745 889 1796 atque
922 1742 1052 1783 etiam
1085 1741 1135 1782 de
1168 1756 1251 1795 qua
1284 1756 1412 1783 causa
1444 1743 1555 1796 quis-

216 1816 295 1856 que
328 1801 498 1843 sentiat.
558 1799 620 1842 Ut
651 1800 763 1842 enim
795 1801 981 1855 pictores
1014 1802 1056 1841 et
1087 1800 1134 1852 ii,
1168 1800 1238 1854 qui
1272 1801 1395 1855 signa
1426 1800 1554 1842 fabri·
1617 1799 1619 1805 '

215 1863 383 1913 cantur,
427 1862 470 1901 et
506 1873 608 1901 vero
647 1860 777 1900 etiam
814 1863 967 1913 po'etae
1007 1873 1128 1900 suum
1169 1859 1346 1913 quisque
1386 1874 1491 1914 opus
1530 1872 1618 1910 a30

215 1920 346 1974 vulgo
380 1918 640 1960 considerari
672 1919 777 1971 vult,
809 1921 874 1972 ut,
906 1918 942 1959 si
972 1918 1072 1972 quid
1104 1917 1410 1972 reprehensum
1443 1919 1500 1960 sit
1532 1934 1556 1960 a
1616 1919 1619 1966 J

214 1978 422 2033 pluribus,
448 1978 491 2019 id
518 1977 771 2032 corrigatur,
797 1977 911 2031 iique
938 1980 980 2018 et
1006 1991 1147 2018 secum
1175 1979 1217 2017 et
1237 1977 1290 2017 ab
1318 1977 1427 2031 aliis,
1454 1977 1556 2032 quid

214 2037 258 2078 in
291 2051 339 2078 eo
367 2039 589 2091 peccatum
616 2036 684 2090 sit,
717 2036 957 2090 exquirunt,
990 2036 1048 2077 sic
1075 2036 1257 2077 aliorum
1283 2035 1437 2077 iudicio
1464 2051 1555 2091 per·
1613 2039 1620 2092 q}

215 2096 353 2138 multa
389 2096 513 2136 nobis
555 2098 597 2136 et
634 2095 828 2137 facienda
860 2098 902 2136 et
933 2109 1018 2136 non
1049 2094 1242 2136 facienda
1275 2097 1317 2136 et
1348 2094 1554 2137 mutanda
1614 2091 1620 2135 'J

150 2165 213 2196 148
235 2158 278 2196 et
314 2154 568 2210 corrigenda
606 2157 716 2196 sunt.
779 2153 894 2202 Quae
931 2168 1031 2195 vero
1070 2168 1187 2195 more
1220 2156 1402 2208 agentur
1433 2154 1616 2195 insti-³5¹
1646 2169 1655 2194 35

216 2213 406 2267 tutisque
439 2213 648 2266 civilibus,
681 2213 730 2254 de
761 2213 814 2254 iis
845 2212 953 2254 nihil
986 2215 1051 2253 est
1082 2211 1446 2267 praecipiendum3
1477 2212 1554 2253 illa

217 2273 328 2314 enim
361 2272 455 2327 ipsa
487 2275 713 2327 praecepta
747 2274 863 2325 sunt,
900 2285 977 2312 nec
1010 2285 1266 2325 quemquam
1298 2271 1378 2312 hoc
1411 2285 1552 2312 errore

147 487 197 527 41

148 539 212 570 146

1650 1285 1662 1309 ll)

1647 1580 1658 1604 25
