1673 2505
70 754 102 779 10

69 1046 101 1071 15

68 1339 101 1364 20

68 1631 101 1657 25

68 1924 101 1950 30

569 107 668 144 CAP.
695 113 728 152 3,
755 113 786 143 4.
836 112 855 151 3
881 112 1008 145 8—13.
1376 110 1462 151 217

123 215 378 269 animantia3
404 217 504 256 sunt
527 215 638 256 enim
661 215 804 256 omnia
823 214 866 256 in
888 215 1097 269 quaedam
1118 229 1276 270 genera
1300 217 1463 270 partita

123 277 198 316 aut
222 273 426 316 inchoata
449 273 571 314 nulla
591 287 640 314 ex
666 276 788 327 parte
808 272 1016 328 perfecta3
1041 272 1292 328 imperfecto
1319 277 1461 315 autem

122 347 198 374 nec
225 332 425 374 absoluto
452 331 592 372 simile
617 331 845 386 pulchrum
872 345 964 373 esse
987 331 1096 373 nihil
1123 334 1281 386 potest.
1331 331 1463 374 Cuius

123 404 225 446 ergo
252 404 376 432 omne
403 390 562 431 animal
590 390 712 443 quasi
737 390 951 444 particula
977 390 1184 444 quaedam
1207 393 1284 445 est,
1310 391 1399 432 sive
1419 391 1463 431 in

124 449 305 504 singulis
332 448 421 490 sive
447 449 491 490 in
516 448 715 489 universo
743 462 896 503 genere
922 451 1132 503 cernatur,
1161 449 1251 490 eius
1278 449 1462 490 similem

121 507 326 549 mundum
340 521 432 548 esse
454 507 655 548 (1163111113
688 506 845 548 Omnes
866 507 1012 563 igitur,
1033 507 1106 562 qui
1126 507 1268 549 animo
1290 522 1464 549 cernun

121 569 192 607 tur
206 568 249 606 et
268 565 435 607 ratione
449 565 773 620 intelleguntur,
793 565 1033 608 animantes
1054 566 1262 621 conplexu
1282 566 1463 608 rationis

121 627 164 666 et
195 624 519 680 intellegentiae
546 624 657 666 sicut
682 624 876 666 homines
908 625 990 666 hoc
1016 625 1173 666 mundo
1207 628 1249 666 et
1280 625 1462 680 pecudes

121 686 164 724 et
184 682 340 736 omnia,
367 697 477 737 quae
504 682 582 724 sub
610 685 831 737 aspectum
852 683 1020 737 cadunt,
1047 683 1462 738 conprehendantur.

123 740 244 789 Quod
282 741 396 782 enim
438 741 775 796 pulcherrimum
812 741 858 782 in
895 756 1038 782 rerum
1075 745 1231 783 natura
1267 742 1464 797 intellegi

121 802 278 854 potest,
304 802 348 842 et
367 800 482 855 quod
502 814 551 841 ex
578 800 695 841 omni
720 802 844 854 parte
866 800 1237 842 absolutissimum
1263 803 1342 855 est,
1367 815 1464 842 611111

123 858 224 900 (16113
274 859 361 900 eius
403 858 588 901 similem
640 858 846 900 mundum
891 858 1057 900 efficere
1100 859 1251 913 vellet,
1303 859 1463 901 animal

122 932 254 959 unum
285 917 566 972 aspectabile,
597 917 642 958 in
674 931 757 971 quo
790 917 934 958 omnia
962 917 1168 958 animalia
1200 918 1464 959 contineren-

122 979 210 1029 tur,
255 975 404 1018 effecit.
466 975 653 1019 Rectene
689 975 825 1031 igitur
861 990 994 1016 unum
1026 976 1231 1017 mundum
1268 976 1464 1030 diximus,

122 1049 178 1076 an
207 1034 291 1075 fuit
329 1034 466 1089 pluris
506 1036 581 1075 aut
618 1034 944 1075 innumerabilis
983 1034 1098 1075 dictu
1136 1035 1290 1075 melius
1323 1038 1366 1076 et
1398 1050 1464 1076 ve-

122 1092 239 1134 rius‘?
273 1091 394 1134 Unus
413 1092 622 1147 profecto,
653 1092 864 1146 siquidem
882 1092 1024 1134 factus
1045 1095 1110 1134 est
1133 1092 1186 1133 ad
1209 1093 1465 1148 exemplum.

121 1150 244 1199 Quod
274 1152 387 1192 6111111
421 1151 560 1192 01111113
593 1151 825 1192 animantis
858 1165 951 1203 eos,
988 1151 1060 1206 qui
1097 1151 1266 1192 ratione
1297 1151 1464 1193 intelle-

122 1211 300 1265 guntur,
336 1209 656 1264 complectitur,
692 1209 736 1250 id
766 1224 854 1252 non
883 1212 1030 1264 potest
1061 1224 1154 1251 esse
1186 1224 1281 1251 eum
1315 1210 1465 1252 altero.

120 1268 287 1310 Rursus
325 1268 438 1310 enim
478 1268 588 1309 alius
628 1268 841 1322 animans,
880 1268 952 1322 qui
991 1283 1088 1309 eum
1126 1269 1363 1322 contineat,
1408 1269 1465 1310 sit

120 1341 293 1369 11666336
330 1330 413 1380 est,
458 1327 576 1368 cuius
614 1329 760 1381 partes
799 1327 886 1368 sint
924 1327 1166 1368 animantes
1211 1327 1464 1382 superiores,

122 1385 370 1439 caelumque
401 1386 484 1428 1106
516 1386 792 1428 simulacrum
823 1385 941 1427 illius
973 1386 1115 1427 ultimi
1150 1386 1224 1439 sit,
1254 1400 1342 1427 non
1369 1401 1464 1440 pro-

121 1444 236 1485 ximi.
298 1443 489 1492 Quorum
519 1459 573 1485 ne
606 1444 707 1498 quid
739 1444 966 1496 accideret,
1005 1447 1134 1498 atque
1165 1447 1214 1486 ut
1244 1443 1314 1485 hic
1346 1460 1464 1486 mun-

121 1502 199 1544 dus
227 1505 340 1544 esset
366 1502 577 1544 animanti
604 1503 804 1544 absoluto
832 1503 1090 1557 simillimus,
1116 1503 1198 1545 hoc
1217 1503 1324 1557 ipso,
1351 1504 1465 1557 quod

121 1561 239 1603 solus
272 1564 403 1616 atque
433 1576 543 1603 unus
576 1564 701 1614 esset,
732 1561 888 1603 idcirco
922 1562 1185 1616 singularem
1218 1562 1320 1603 deus
1352 1562 1465 1604 hunc

122 1620 329 1662 mundum
360 1622 489 1674 atque
520 1620 752 1675 unigenam
783 1620 1039 1675 procreavit.

209 1677 474 1733 Corporeum
507 1681 651 1720 autem
677 1681 720 1721 et
744 1679 1007 1733 aspectabile
1027 1679 1217 1733 itemque
1236 1679 1465 1721 tractabile

121 1751 247 1778 omne
277 1751 450 1779 11666336
483 1740 550 1778 est
581 1752 684 1791 esse,
717 1737 830 1791 quod
860 1740 1012 1779 natum
1044 1740 1121 1778 est.
1181 1736 1303 1778 Nihil
1334 1752 1464 1792 porro

119 1795 212 1851 igni
242 1810 424 1838 vacuum
464 1796 599 1850 aspici
637 1811 686 1838 ac
722 1796 858 1837 videri
895 1798 1040 1850 potest
1076 1810 1154 1837 nec
1191 1810 1292 1837 vero
1330 1796 1465 1851 tangi,

121 1854 235 1908 quod.
266 1857 411 1896 careat
443 1854 595 1907 solido,
628 1854 813 1896 solidum
845 1857 989 1896 autem
1020 1854 1142 1907 nihil,
1175 1854 1288 1908 quod
1323 1857 1464 1897 terrae

121 1912 178 1954 sit
204 1927 372 1968 expers3
405 1928 534 1967 quam
555 1913 610 1954 ob
631 1928 722 1955 rem
742 1913 946 1956 mundum
974 1913 1139 1954 efficere
1160 1913 1341 1954 moliens
1363 1913 1465 1954 deus

120 1974 282 2014 terram
307 1972 494 2026 primum
521 1972 751 2027 ignemque
770 1972 989 2027 iungebat.
1035 1971 1191 2013 Omnia
1217 1974 1361 2014 autem
1382 1972 1464 2013 duo

121 2030 175 2071 ad
211 2030 524 2072 cohaerendum
566 2031 745 2072 tertium
791 2030 954 2085 aliquid
992 2030 1225 2084 anquirunt
1262 2033 1304 2071 et
1342 2031 1466 2084 quasi

118 2088 280 2130 nodum
304 2089 608 2143 vinculumque
634 2089 889 2130 desiderant.
933 2087 1016 2130 Sed
1041 2089 1309 2131 vinculorum
1336 2089 1380 2130 id
1400 2092 1467 2130 est

122 2147 395 2212 aptissimum
428 2150 557 2202 atque
588 2147 938 2202 pulcherrimum,
972 2147 1085 2201 quod
1111 2161 1161 2189 ex
1187 2161 1232 2189 se
1259 2150 1388 2201 atque
1414 2147 1466 2189 de

85 2217 100 2241 5
120 2205 186 2259 113,
218 2220 326 2260 (11136
358 2206 549 2262 stringit,
582 2221 711 2260 quam
743 2206 928 2248 maxime
959 2221 1091 2247 unum
1118 2205 1261 2248 efficit
1316 2205 1367 2247 Id
1394 2220 1465 2260 op-

120 2263 226 2306 time
252 2264 513 2320 adsequitur,
539 2279 647 2330 quae
668 2264 829 2307 Graece
857 2261 1086 2319 ἀναλογία,
1117 2264 1271 2306 Latine
1292 2263 1464 2319 (auden

121 2322 221 2364 dum
253 2325 319 2364 est
350 2323 482 2378 enim,
515 2323 716 2377 quoniam
747 2324 853 2366 11366
884 2323 1072 2379 primum
1104 2338 1130 2365 a
1153 2324 1279 2365 nobis
1305 2337 1464 2365 novan

1493 755 1538 785 12

1493 1691 1537 1721 13
