1663 2490
199 67 281 108 122
719 66 783 101 DE
810 65 1007 101 OFFICHS

194 175 327 216 fuisse
358 173 554 228 Ulixem,
587 174 623 215 si
653 174 698 215 in
728 174 806 215 illa
838 173 1112 215 simulatione
1144 172 1534 228 perseveravisset‘?

197 233 269 288 qui
300 248 397 275 cum
428 233 636 274 maximas
675 247 742 273 res
783 232 965 287 gesserit
994 232 1040 273 in
1076 232 1210 286 bello,
1246 235 1393 273 tamen
1428 231 1534 274 haec

197 292 344 334 audiat
375 292 428 333 ab
461 291 611 333 Aiace:

255 350 413 393 Cuius
445 349 560 404 ipse
592 349 830 404 princeps
862 349 994 390 iuris
1025 347 1237 390 iurandi
1264 348 1386 403 fuit,

256 408 394 457 Quod
426 410 600 449 omnes
635 407 802 461 scitiS,
834 407 978 448 solus
1008 405 1243 462 neglexit
1272 407 1446 461 fidem3
1551 418 1570 446 5

254 467 445 508 Furere
477 466 802 519 assimulare,
833 467 893 507 ne
926 465 1110 519 coiret,
1141 464 1356 507 institit.

255 524 459 574 Quodni'
487 524 746 566 Palamedi
781 524 1053 579 perspicax
1084 524 1358 580 prudentia

255 583 419 625 Istius
451 585 726 638 percepset
758 583 1075 624 malitiosam
1113 583 1399 637 audaciam,

255 642 377 684 Fide
409 644 645 684 sacratae
676 642 754 682 ius
786 644 1034 696 perpetuo
1065 641 1293 682 falleret.

124 715 168 746 239
196 701 267 742 Illi
298 700 412 743 vero'
431 715 519 742 non
550 700 676 742 modo
709 715 805 742 cum
834 700 1052 754 hostibus,
1089 714 1236 741 verum
1269 699 1399 741 etiam
1437 714 1534 742 cum
1554 713 1586 738 10

196 760 414 814 fluctibus,
454 759 498 800 id
535 759 648 813 quod
684 759 798 812 fecit,
842 758 1044 800 dimicare
1082 758 1235 800 melius
1279 758 1363 800 fuit
1406 773 1534 812 quam

197 820 391 860 deserere
422 818 760 860 consentientem
793 816 1016 859 Graeciam
1055 817 1107 858 ad
1139 818 1299 859 bellum
1337 817 1534 858 barbaris

195 877 474 919 inferendum.
520 875 602 918 Sed
634 876 885 917 omittamus
918 878 960 917 et
989 876 1160 917 fabulas
1194 878 1236 917 et
1263 877 1454 929 externa3
1482 875 1536 917 ad

196 952 288 977 rem
313 936 475 977 factam
503 937 782 989 nostramque
808 934 1042 976 veniamus.
1078 934 1134 976 M.
1155 934 1316 976 Atilius
1342 934 1535 990 Regulus

196 1010 292 1037 cum
325 995 472 1035 consul
505 995 661 1035 iterum
692 994 738 1034 in
768 993 918 1035 Africa
949 1008 998 1035 ex
1030 994 1196 1035 insidiis
1234 996 1384 1048 captus
1423 997 1534 1034 esset
1555 1006 1587 1032 15

197 1054 299 1095 duce
319 1052 571 1107 Xanthippo
592 1052 942 1106 Lacedaemonio,
967 1052 1228 1107 imperatore
1248 1055 1392 1093 autem
1411 1054 1535 1107 patre

195 1112 454 1154 Hannibalis
485 1111 744 1165 Hamilcare,
776 1111 941 1152 iuratus
967 1111 1123 1152 missus
1155 1114 1221 1152 est
1247 1111 1300 1152 ad
1326 1113 1535 1164 senatum,

196 1174 264 1224 ut,
295 1171 380 1211 nisi
411 1170 567 1212 redditi
599 1172 742 1211 essent
772 1169 928 1211 Poenis
960 1170 1121 1225 captivi
1150 1170 1317 1212 nobiles
1351 1169 1535 1224 quidam,

196 1229 354 1271 rediret
390 1230 483 1285 ipse
522 1228 841 1284 Carthaginem.
901 1228 945 1270 Is
983 1243 1079 1270 cum
1116 1228 1298 1270 Romam
1335 1228 1535 1282 venisset,

196 1288 401 1330 utilitatis
434 1287 619 1342 speciem
650 1287 842 1341 videbat,
881 1287 954 1328 sed
991 1301 1103 1341 eam,
1146 1290 1194 1328 ut
1234 1302 1302 1328 res
1334 1286 1535 1341 declarat,
1555 1300 1588 1325 20

195 1348 353 1388 falsam
384 1346 606 1400 iudicavit,
651 1361 759 1400 quae
791 1348 884 1387 erat
919 1346 1040 1387 talis:
1085 1360 1256 1387 manere
1297 1346 1341 1386 in
1379 1345 1534 1400 patria,

197 1420 289 1448 esse
322 1406 466 1447 domui
499 1419 599 1446 suae
631 1420 727 1446 cum
758 1419 907 1458 uxore,
938 1419 1035 1446 cum
1066 1404 1232 1458 liberis,
1264 1419 1393 1458 quam
1425 1404 1535 1446 cala-

196 1465 394 1506 mitatem
427 1463 663 1518 accepisset
692 1463 739 1504 in
769 1463 897 1516 bello,
929 1477 1196 1505 communem
1221 1462 1420 1505 fortunae
1448 1463 1535 1504 bel-

196 1524 304 1564 licae
335 1522 595 1565 iudicantem
626 1525 771 1563 tenere
803 1522 1041 1563 consularis
1083 1522 1308 1578 dignitatis
1342 1521 1535 1577 gradum.

198 1581 300 1631 Quis
326 1582 432 1623 haec
457 1584 590 1636 negat
615 1595 708 1623 esse
732 1580 886 1622 utilia?
919 1595 1045 1636 quem
1072 1581 1247 1622 censes?
1279 1581 1533 1636 Magnitudo
1553 1593 1587 1618 25

198 1641 330 1682 animi
363 1644 405 1682 et
435 1639 644 1682 fortitudo
677 1642 819 1695 negat.

127 1687 194 1769 ᾗῇ)
285 1699 402 1741 Num
433 1698 737 1754 locupletiores
769 1698 939 1752 quaeris
971 1698 1197 1740 auctores?
1228 1697 1395 1740 Harum
1421 1698 1535 1740 enim

198 1762 264 1800 est
286 1758 496 1799 virtutum
515 1757 737 1812 proprium
757 1757 870 1798 nihil
883 1757 1169 1811 extimescere,
1184 1757 1327 1799 omnia
1346 1757 1536 1798 humana

198 1817 431 1872 despicere,
467 1816 594 1871 nihil,
632 1816 745 1870 quod
776 1815 941 1858 homini
972 1816 1161 1858 accidere
1191 1816 1348 1871 possit,
1386 1816 1535 1858 intole-

195 1876 377 1917 randum
407 1878 572 1931 putare.
620 1874 773 1929 Itaque
805 1874 906 1929 quid
936 1874 1065 1916 fecit?
1101 1873 1154 1916 In
1184 1877 1380 1916 senatum
1405 1875 1535 1928 venit,
1553 1886 1588 1912 ⁸0

196 1935 400 1975 mandata
438 1934 653 1989 exposuit,
697 1933 955 1975 sententiam
993 1947 1046 1975 ne
1091 1933 1266 1987 diceret,
1309 1934 1535 1988 recusavit,

197 2008 326 2048 quam
359 1993 429 2034 diu
466 1993 557 2034 iure
594 1992 774 2034 iurando
811 1991 1003 2034 hostium
1042 1995 1278 2046 teneretur,
1318 2006 1405 2033 non
1442 2006 1535 2034 esse

197 2066 240 2093 se
263 2054 518 2093 senatorem.
559 2051 703 2105 Atque
721 2051 830 2092 illud
849 2051 979 2092 etiam
1003 2048 1065 2107 (³0
1087 2051 1268 2092 stultum
1288 2049 1535 2104 hominem',

196 2110 350 2151 dixerit
371 2110 597 2164 quispiam,
618 2110 676 2151 eet
695 2113 1006 2164 repugnantem
1025 2109 1207 2151 utilitati
1226 2124 1328 2151 suae
1338 2109 1395 2166 Ρ),
1415 2109 1534 2151 reddi

195 2169 389 2224 captivos
426 2169 603 2224 negavit
640 2183 732 2210 esse
769 2169 893 2223 utile3
938 2169 1039 2210 illos
1083 2168 1196 2210 enim
1239 2168 1587 2210 adulescentesss

195 2243 288 2269 esse
315 2230 357 2269 et
382 2227 519 2268 bonos
540 2227 677 2281 duces,
706 2227 856 2268 seiam
876 2227 1118 2269 confectum
1138 2229 1367 2269 senectute.
1402 2225 1534 2269 Cuius

194 2301 291 2328 cum
331 2286 540 2328 valuisset
583 2286 838 2339 auctoritas,
881 2285 1041 2341 captivi
1080 2286 1234 2327 retenti
1280 2288 1398 2341 sunt,
1440 2286 1534 2341 ipse
