<?xml version="1.0" encoding="UTF-8"?>
<!DOCTYPE html PUBLIC "-//W3C//DTD XHTML 1.0 Transitional//EN"
    "http://www.w3.org/TR/xhtml1/DTD/xhtml1-transitional.dtd">
<html xmlns="http://www.w3.org/1999/xhtml" xml:lang="en" lang="en">
 <head>
  <title>
</title>
<meta http-equiv="Content-Type" content="text/html;charset=utf-8" />
  <meta name='ocr-system' content='tesseract 3.04.00' />
  <meta name='ocr-capabilities' content='ocr_page ocr_carea ocr_par ocr_line ocrx_word'/>
</head>
<body>
  <div class='ocr_page' id='page_1' title='image "./p3scriptaquaemanse04ciceuoft_0237.png"; bbox 0 0 1663 2490; ppageno 0'>
   <div class='ocr_carea' id='block_1_1' title="bbox 0 788 2 826">
    <p class='ocr_par' dir='ltr' id='par_1_1' title="bbox 0 788 2 826">
     <span class='ocr_line' id='line_1_1' title="bbox 0 788 2 826; baseline 0 0"><span class='ocrx_word' id='word_1_1' title='bbox 0 788 2 826; x_wconf 59' lang='lat' dir='ltr'>l</span> 
     </span>
    </p>
   </div>
   <div class='ocr_carea' id='block_1_2' title="bbox 526 87 1427 131">
    <p class='ocr_par' dir='ltr' id='par_1_2' title="bbox 526 87 1427 131">
     <span class='ocr_line' id='line_1_2' title="bbox 526 87 1427 131; baseline 0.003 -9"><span class='ocrx_word' id='word_1_2' title='bbox 526 87 626 124; x_wconf 85' lang='lat' dir='ltr'>CAP.</span> <span class='ocrx_word' id='word_1_3' title='bbox 652 92 755 123; x_wconf 75' lang='lat'>4-6,</span> <span class='ocrx_word' id='word_1_4' title='bbox 800 92 820 131; x_wconf 68' lang='grc' dir='ltr'>ξ</span> <span class='ocrx_word' id='word_1_5' title='bbox 848 92 993 123; x_wconf 81' lang='lat'>15—21.</span> <span class='ocrx_word' id='word_1_6' title='bbox 1348 89 1427 130; x_wconf 83' lang='lat'>169</span> 
     </span>
    </p>
   </div>
   <div class='ocr_carea' id='block_1_3' title="bbox 35 195 1432 1072">
    <p class='ocr_par' dir='ltr' id='par_1_3' title="bbox 35 195 1432 1072">
     <span class='ocr_line' id='line_1_3' title="bbox 87 195 1427 251; baseline 0 -14"><span class='ocrx_word' id='word_1_7' title='bbox 87 197 149 237; x_wconf 86' lang='lat' dir='ltr'>ita</span> <span class='ocrx_word' id='word_1_8' title='bbox 180 210 225 237; x_wconf 86' lang='lat' dir='ltr'>se</span> <span class='ocrx_word' id='word_1_9' title='bbox 257 197 425 251; x_wconf 86' lang='lat' dir='ltr'>gerunt,</span> <span class='ocrx_word' id='word_1_10' title='bbox 455 195 518 236; x_wconf 86' lang='lat' dir='ltr'>ita</span> <span class='ocrx_word' id='word_1_11' title='bbox 550 195 713 249; x_wconf 85' lang='lat' dir='ltr'>vivunt,</span> <span class='ocrx_word' id='word_1_12' title='bbox 743 198 792 237; x_wconf 88' lang='lat' dir='ltr'>ut</span> <span class='ocrx_word' id='word_1_13' title='bbox 823 209 970 238; x_wconf 85' lang='lat' dir='ltr'>eorum</span> <span class='ocrx_word' id='word_1_14' title='bbox 995 195 1202 250; x_wconf 74' lang='lat' dir='ltr'>probetur</span> <span class='ocrx_word' id='word_1_15' title='bbox 1226 195 1343 249; x_wconf 86' lang='lat' dir='ltr'>fides,</span> <span class='ocrx_word' id='word_1_16' title='bbox 1368 196 1427 237; x_wconf 91' lang='lat' dir='ltr'>in-</span> 
     </span>
     <span class='ocr_line' id='line_1_4' title="bbox 52 253 1428 310; baseline -0.001 -14"><span class='ocrx_word' id='word_1_17' title='bbox 52 262 55 265; x_wconf 83' lang='grc'><strong>“</strong></span> <span class='ocrx_word' id='word_1_18' title='bbox 87 254 282 310; x_wconf 85' lang='lat' dir='ltr'>tegritas,</span> <span class='ocrx_word' id='word_1_19' title='bbox 314 253 522 308; x_wconf 82' lang='lat' dir='ltr'>aequitas,</span> <span class='ocrx_word' id='word_1_20' title='bbox 555 254 807 308; x_wconf 74' lang='lat' dir='ltr'>liberalitas,</span> <span class='ocrx_word' id='word_1_21' title='bbox 836 268 914 296; x_wconf 87' lang='lat' dir='ltr'>nec</span> <span class='ocrx_word' id='word_1_22' title='bbox 946 253 1073 295; x_wconf 88' lang='lat' dir='ltr'>sitin</span> <span class='ocrx_word' id='word_1_23' title='bbox 1105 253 1165 295; x_wconf 91' lang='lat' dir='ltr'>eis</span> <span class='ocrx_word' id='word_1_24' title='bbox 1199 254 1287 294; x_wconf 83' lang='lat' dir='ltr'>ulla</span> <span class='ocrx_word' id='word_1_25' title='bbox 1315 256 1428 309; x_wconf 88' lang='lat' dir='ltr'>cupi-</span> 
     </span>
     <span class='ocr_line' id='line_1_5' title="bbox 88 312 1429 367; baseline 0 -14"><span class='ocrx_word' id='word_1_26' title='bbox 88 313 212 366; x_wconf 88' lang='lat' dir='ltr'>ditas,</span> <span class='ocrx_word' id='word_1_27' title='bbox 243 312 390 367; x_wconf 86' lang='lat' dir='ltr'>libido,</span> <span class='ocrx_word' id='word_1_28' title='bbox 422 312 612 367; x_wconf 82' lang='lat' dir='ltr'>audacia,</span> <span class='ocrx_word' id='word_1_29' title='bbox 645 313 815 367; x_wconf 87' lang='lat' dir='ltr'>sintque</span> <span class='ocrx_word' id='word_1_30' title='bbox 846 326 1006 367; x_wconf 83' lang='lat' dir='ltr'>magna</span> <span class='ocrx_word' id='word_1_31' title='bbox 1037 312 1292 366; x_wconf 88' lang='lat' dir='ltr'>constantia,</span> <span class='ocrx_word' id='word_1_32' title='bbox 1324 315 1373 353; x_wconf 91' lang='lat' dir='ltr'>ut</span> <span class='ocrx_word' id='word_1_33' title='bbox 1398 313 1429 353; x_wconf 93' lang='lat' dir='ltr'>ii</span> 
     </span>
     <span class='ocr_line' id='line_1_6' title="bbox 88 369 1429 426; baseline -0.001 -13"><span class='ocrx_word' id='word_1_34' title='bbox 88 372 277 425; x_wconf 84' lang='lat' dir='ltr'>fuerunt,</span> <span class='ocrx_word' id='word_1_35' title='bbox 320 369 447 413; x_wconf 89' lang='lat' dir='ltr'>modo</span> <span class='ocrx_word' id='word_1_36' title='bbox 490 385 596 425; x_wconf 91' lang='lat' dir='ltr'>quos</span> <span class='ocrx_word' id='word_1_37' title='bbox 639 372 878 426; x_wconf 83' lang='lat' dir='ltr'>nominavi,</span> <span class='ocrx_word' id='word_1_38' title='bbox 921 371 1000 413; x_wconf 89' lang='lat' dir='ltr'>hos</span> <span class='ocrx_word' id='word_1_39' title='bbox 1031 371 1148 412; x_wconf 85' lang='lat' dir='ltr'>viros</span> <span class='ocrx_word' id='word_1_40' title='bbox 1188 371 1344 425; x_wconf 86' lang='lat' dir='ltr'>bonos,</span> <span class='ocrx_word' id='word_1_41' title='bbox 1381 374 1429 412; x_wconf 86' lang='lat' dir='ltr'>ut</span> 
     </span>
     <span class='ocr_line' id='line_1_7' title="bbox 53 429 1428 486; baseline -0.001 -15"><span class='ocrx_word' id='word_1_42' title='bbox 53 441 67 466; x_wconf 78' lang='lat'><strong>5</strong></span> <span class='ocrx_word' id='word_1_43' title='bbox 87 429 226 472; x_wconf 89' lang='lat' dir='ltr'>habiti</span> <span class='ocrx_word' id='word_1_44' title='bbox 258 431 376 483; x_wconf 88' lang='lat' dir='ltr'>sunt,</span> <span class='ocrx_word' id='word_1_45' title='bbox 407 429 469 471; x_wconf 87' lang='lat' dir='ltr'>sie</span> <span class='ocrx_word' id='word_1_46' title='bbox 501 430 632 471; x_wconf 84' lang='lat' dir='ltr'>etiam</span> <span class='ocrx_word' id='word_1_47' title='bbox 664 430 945 485; x_wconf 85' lang='lat' dir='ltr'>appellandos</span> <span class='ocrx_word' id='word_1_48' title='bbox 976 432 1195 486; x_wconf 77' lang='lat' dir='ltr'>putemus,</span> <span class='ocrx_word' id='word_1_49' title='bbox 1236 429 1336 484; x_wconf 87' lang='lat' dir='ltr'>quia</span> <span class='ocrx_word' id='word_1_50' title='bbox 1368 444 1428 471; x_wconf 88' lang='lat' dir='ltr'>se-</span> 
     </span>
     <span class='ocr_line' id='line_1_8' title="bbox 88 488 1429 543; baseline 0 -13"><span class='ocrx_word' id='word_1_51' title='bbox 88 491 286 543; x_wconf 79' lang='lat' dir='ltr'>quantur,</span> <span class='ocrx_word' id='word_1_52' title='bbox 312 492 519 542; x_wconf 88' lang='lat' dir='ltr'>quantum</span> <span class='ocrx_word' id='word_1_53' title='bbox 545 489 740 533; x_wconf 80' lang='lat' dir='ltr'>homines</span> <span class='ocrx_word' id='word_1_54' title='bbox 766 491 959 543; x_wconf 76' lang='lat' dir='ltr'>possunt,</span> <span class='ocrx_word' id='word_1_55' title='bbox 991 491 1192 530; x_wconf 89' lang='lat' dir='ltr'>naturam</span> <span class='ocrx_word' id='word_1_56' title='bbox 1218 488 1429 543; x_wconf 83' lang='lat' dir='ltr'>optimam</span> 
     </span>
     <span class='ocr_line' id='line_1_9' title="bbox 86 546 1429 603; baseline -0.001 -15"><span class='ocrx_word' id='word_1_57' title='bbox 86 548 193 589; x_wconf 90' lang='lat' dir='ltr'>bene</span> <span class='ocrx_word' id='word_1_58' title='bbox 225 546 395 588; x_wconf 85' lang='lat' dir='ltr'>vivendi</span> <span class='ocrx_word' id='word_1_59' title='bbox 428 547 588 589; x_wconf 89' lang='lat' dir='ltr'>ducem.</span> <span class='ocrx_word' id='word_1_60' title='bbox 633 546 702 589; x_wconf 82' lang='lat' dir='ltr'>Sic</span> <span class='ocrx_word' id='word_1_61' title='bbox 734 548 846 589; x_wconf 91' lang='lat' dir='ltr'>enim</span> <span class='ocrx_word' id='word_1_62' title='bbox 873 548 979 589; x_wconf 90' lang='lat' dir='ltr'>mihi</span> <span class='ocrx_word' id='word_1_63' title='bbox 1003 547 1244 603; x_wconf 78' lang='lat' dir='ltr'>perspicere</span> <span class='ocrx_word' id='word_1_64' title='bbox 1269 547 1429 601; x_wconf 81' lang='lat' dir='ltr'>videor,</span> 
     </span>
     <span class='ocr_line' id='line_1_10' title="bbox 86 606 1428 660; baseline -0.001 -13"><span class='ocrx_word' id='word_1_65' title='bbox 86 606 149 647; x_wconf 86' lang='lat' dir='ltr'>ita</span> <span class='ocrx_word' id='word_1_66' title='bbox 178 608 305 647; x_wconf 87' lang='lat' dir='ltr'>natos</span> <span class='ocrx_word' id='word_1_67' title='bbox 338 619 430 647; x_wconf 88' lang='lat' dir='ltr'>esse</span> <span class='ocrx_word' id='word_1_68' title='bbox 455 620 548 660; x_wconf 87' lang='lat' dir='ltr'>nos,</span> <span class='ocrx_word' id='word_1_69' title='bbox 573 608 622 647; x_wconf 91' lang='lat' dir='ltr'>ut</span> <span class='ocrx_word' id='word_1_70' title='bbox 647 606 760 647; x_wconf 88' lang='lat' dir='ltr'>inter</span> <span class='ocrx_word' id='word_1_71' title='bbox 786 621 932 648; x_wconf 91' lang='lat' dir='ltr'>omnes</span> <span class='ocrx_word' id='word_1_72' title='bbox 960 609 1074 648; x_wconf 86' lang='lat' dir='ltr'>esset</span> <span class='ocrx_word' id='word_1_73' title='bbox 1094 606 1275 648; x_wconf 88' lang='lat' dir='ltr'>societas</span> <span class='ocrx_word' id='word_1_74' title='bbox 1304 620 1428 660; x_wconf 88' lang='lat' dir='ltr'>quae-</span> 
     </span>
     <span class='ocr_line' id='line_1_11' title="bbox 88 664 1428 731; baseline -0.001 -25"><span class='ocrx_word' id='word_1_75' title='bbox 88 664 197 719; x_wconf 88' lang='lat' dir='ltr'>dam,</span> <span class='ocrx_word' id='word_1_76' title='bbox 221 664 358 706; x_wconf 86' lang='lat' dir='ltr'>maior</span> <span class='ocrx_word' id='word_1_77' title='bbox 381 667 539 719; x_wconf 85' lang='lat' dir='ltr'>autem,</span> <span class='ocrx_word' id='word_1_78' title='bbox 559 668 606 706; x_wconf 93' lang='lat' dir='ltr'>ut</span> <span class='ocrx_word' id='word_1_79' title='bbox 632 666 811 720; x_wconf 87' lang='lat' dir='ltr'>quisque</span> <span class='ocrx_word' id='word_1_80' title='bbox 837 679 1042 731; x_wconf 81' lang='lat' dir='ltr'>proxume</span> <span class='ocrx_word' id='word_1_81' title='bbox 1063 665 1292 707; x_wconf 79' lang='lat' dir='ltr'>accederet.</span> <span class='ocrx_word' id='word_1_82' title='bbox 1341 664 1428 705; x_wconf 86' lang='lat' dir='ltr'>Ita-</span> 
     </span>
     <span class='ocr_line' id='line_1_12' title="bbox 35 723 1429 780; baseline 0 -16"><span class='ocrx_word' id='word_1_83' title='bbox 35 735 68 759; x_wconf 86' lang='lat'>10</span> <span class='ocrx_word' id='word_1_84' title='bbox 89 737 170 778; x_wconf 90' lang='lat' dir='ltr'>que</span> <span class='ocrx_word' id='word_1_85' title='bbox 207 723 320 765; x_wconf 84' lang='lat' dir='ltr'>cives</span> <span class='ocrx_word' id='word_1_86' title='bbox 358 723 549 779; x_wconf 89' lang='lat' dir='ltr'>potiores</span> <span class='ocrx_word' id='word_1_87' title='bbox 588 739 717 778; x_wconf 89' lang='lat' dir='ltr'>quam</span> <span class='ocrx_word' id='word_1_88' title='bbox 754 724 988 780; x_wconf 82' lang='lat' dir='ltr'>peregrim,</span> <span class='ocrx_word' id='word_1_89' title='bbox 1031 724 1263 778; x_wconf 89' lang='lat' dir='ltr'>propinqui</span> <span class='ocrx_word' id='word_1_90' title='bbox 1301 738 1429 778; x_wconf 87' lang='lat' dir='ltr'>quam</span> 
     </span>
     <span class='ocr_line' id='line_1_13' title="bbox 88 782 1430 838; baseline 0.001 -15"><span class='ocrx_word' id='word_1_91' title='bbox 88 782 234 836; x_wconf 84' lang='lat' dir='ltr'>alieni3</span> <span class='ocrx_word' id='word_1_92' title='bbox 271 796 368 824; x_wconf 90' lang='lat' dir='ltr'>cum</span> <span class='ocrx_word' id='word_1_93' title='bbox 405 782 473 824; x_wconf 91' lang='lat' dir='ltr'>his</span> <span class='ocrx_word' id='word_1_94' title='bbox 506 783 619 824; x_wconf 89' lang='lat' dir='ltr'>enim</span> <span class='ocrx_word' id='word_1_95' title='bbox 659 782 895 824; x_wconf 84' lang='lat' dir='ltr'>amicitiam</span> <span class='ocrx_word' id='word_1_96' title='bbox 931 785 1088 824; x_wconf 88' lang='lat' dir='ltr'>natura</span> <span class='ocrx_word' id='word_1_97' title='bbox 1117 783 1213 838; x_wconf 86' lang='lat' dir='ltr'>ipsa</span> <span class='ocrx_word' id='word_1_98' title='bbox 1244 783 1430 838; x_wconf 84' lang='lat' dir='ltr'>peperit,</span> 
     </span>
     <span class='ocr_line' id='line_1_14' title="bbox 88 840 1429 896; baseline 0 -14"><span class='ocrx_word' id='word_1_99' title='bbox 88 840 162 882; x_wconf 85' lang='lat' dir='ltr'>sed</span> <span class='ocrx_word' id='word_1_100' title='bbox 194 855 244 882; x_wconf 83' lang='lat' dir='ltr'>ea</span> <span class='ocrx_word' id='word_1_101' title='bbox 273 855 360 882; x_wconf 92' lang='lat' dir='ltr'>non</span> <span class='ocrx_word' id='word_1_102' title='bbox 392 841 499 882; x_wconf 87' lang='lat' dir='ltr'>satis</span> <span class='ocrx_word' id='word_1_103' title='bbox 531 841 664 882; x_wconf 83' lang='lat' dir='ltr'>habet</span> <span class='ocrx_word' id='word_1_104' title='bbox 695 842 928 883; x_wconf 86' lang='lat' dir='ltr'>firmitatis.</span> <span class='ocrx_word' id='word_1_105' title='bbox 977 840 1174 895; x_wconf 88' lang='lat' dir='ltr'>Namque</span> <span class='ocrx_word' id='word_1_106' title='bbox 1200 842 1281 883; x_wconf 90' lang='lat' dir='ltr'>hoc</span> <span class='ocrx_word' id='word_1_107' title='bbox 1306 856 1429 896; x_wconf 87' lang='lat' dir='ltr'>prae-</span> 
     </span>
     <span class='ocr_line' id='line_1_15' title="bbox 88 899 1429 955; baseline 0.001 -14"><span class='ocrx_word' id='word_1_108' title='bbox 88 902 177 941; x_wconf 85' lang='lat' dir='ltr'>stat</span> <span class='ocrx_word' id='word_1_109' title='bbox 209 899 399 941; x_wconf 84' lang='lat' dir='ltr'>amicitia</span> <span class='ocrx_word' id='word_1_110' title='bbox 428 900 756 955; x_wconf 82' lang='lat' dir='ltr'>propinquitati,</span> <span class='ocrx_word' id='word_1_111' title='bbox 787 901 901 954; x_wconf 86' lang='lat' dir='ltr'>quod</span> <span class='ocrx_word' id='word_1_112' title='bbox 934 914 984 942; x_wconf 85' lang='lat' dir='ltr'>ex</span> <span class='ocrx_word' id='word_1_113' title='bbox 1008 900 1334 955; x_wconf 85' lang='lat' dir='ltr'>propinquitate</span> <span class='ocrx_word' id='word_1_114' title='bbox 1359 900 1429 942; x_wconf 90' lang='lat' dir='ltr'>be-</span> 
     </span>
     <span class='ocr_line' id='line_1_16' title="bbox 87 958 1431 1013; baseline 0.001 -14"><span class='ocrx_word' id='word_1_115' title='bbox 87 958 326 999; x_wconf 82' lang='lat' dir='ltr'>nivolentia</span> <span class='ocrx_word' id='word_1_116' title='bbox 351 958 449 1000; x_wconf 89' lang='lat' dir='ltr'>tolli</span> <span class='ocrx_word' id='word_1_117' title='bbox 474 962 631 1013; x_wconf 87' lang='lat' dir='ltr'>potest,</span> <span class='ocrx_word' id='word_1_118' title='bbox 664 974 713 1000; x_wconf 81' lang='lat' dir='ltr'>ex</span> <span class='ocrx_word' id='word_1_119' title='bbox 739 959 930 1000; x_wconf 87' lang='lat' dir='ltr'>amicitia</span> <span class='ocrx_word' id='word_1_120' title='bbox 950 973 1037 1000; x_wconf 89' lang='lat' dir='ltr'>non</span> <span class='ocrx_word' id='word_1_121' title='bbox 1062 961 1226 1013; x_wconf 69' lang='lat' dir='ltr'>potest,</span> <span class='ocrx_word' id='word_1_122' title='bbox 1258 959 1431 1000; x_wconf 87' lang='lat' dir='ltr'>sublata</span> 
     </span>
     <span class='ocr_line' id='line_1_17' title="bbox 38 1017 1432 1072; baseline 0.001 -15"><span class='ocrx_word' id='word_1_123' title='bbox 38 1028 68 1052; x_wconf 78' lang='lat'>15</span> <span class='ocrx_word' id='word_1_124' title='bbox 88 1017 200 1058; x_wconf 89' lang='lat' dir='ltr'>enim</span> <span class='ocrx_word' id='word_1_125' title='bbox 227 1017 520 1059; x_wconf 84' lang='lat' dir='ltr'>benivolentia</span> <span class='ocrx_word' id='word_1_126' title='bbox 545 1017 759 1060; x_wconf 84' lang='lat' dir='ltr'>amicitiae</span> <span class='ocrx_word' id='word_1_127' title='bbox 787 1032 943 1059; x_wconf 88' lang='lat' dir='ltr'>nomen</span> <span class='ocrx_word' id='word_1_128' title='bbox 969 1017 1158 1071; x_wconf 87' lang='lat' dir='ltr'>tollitur,</span> <span class='ocrx_word' id='word_1_129' title='bbox 1183 1017 1432 1072; x_wconf 89' lang='lat' dir='ltr'>propinqui-</span> 
     </span>
    </p>
   </div>
   <div class='ocr_carea' id='block_1_4' title="bbox 87 1075 1501 1127">
    <p class='ocr_par' dir='ltr' id='par_1_4' title="bbox 87 1075 1501 1127">
     <span class='ocr_line' id='line_1_18' title="bbox 87 1075 1501 1127; baseline 0.001 -10"><span class='ocrx_word' id='word_1_130' title='bbox 87 1076 191 1117; x_wconf 85' lang='lat' dir='ltr'>tatis</span> <span class='ocrx_word' id='word_1_131' title='bbox 230 1078 387 1117; x_wconf 85' lang='lat' dir='ltr'>manet.</span> <span class='ocrx_word' id='word_1_132' title='bbox 413 1075 614 1124; x_wconf 86' lang='lat' dir='ltr'>Quanta</span> <span class='ocrx_word' id='word_1_133' title='bbox 639 1079 783 1118; x_wconf 86' lang='lat' dir='ltr'>autem</span> <span class='ocrx_word' id='word_1_134' title='bbox 814 1076 880 1117; x_wconf 82' lang='lat' dir='ltr'>vis</span> <span class='ocrx_word' id='word_1_135' title='bbox 913 1075 1127 1118; x_wconf 86' lang='lat' dir='ltr'>amicitiae</span> <span class='ocrx_word' id='word_1_136' title='bbox 1160 1076 1234 1127; x_wconf 85' lang='lat' dir='ltr'>sit,</span> <span class='ocrx_word' id='word_1_137' title='bbox 1273 1090 1323 1117; x_wconf 86' lang='lat' dir='ltr'>ex</span> <span class='ocrx_word' id='word_1_138' title='bbox 1349 1076 1430 1118; x_wconf 87' lang='lat' dir='ltr'>hoc</span> <span class='ocrx_word' id='word_1_139' title='bbox 1457 1081 1501 1112; x_wconf 83' lang='lat'>20</span> 
     </span>
    </p>
   </div>
   <div class='ocr_carea' id='block_1_5' title="bbox 35 1134 1431 1366">
    <p class='ocr_par' dir='ltr' id='par_1_5' title="bbox 87 1134 1431 1190">
     <span class='ocr_line' id='line_1_19' title="bbox 87 1134 1431 1190; baseline 0.001 -15"><span class='ocrx_word' id='word_1_140' title='bbox 87 1134 283 1190; x_wconf 83' lang='lat' dir='ltr'>intellegi</span> <span class='ocrx_word' id='word_1_141' title='bbox 315 1134 499 1176; x_wconf 80' lang='lat' dir='ltr'>maxime</span> <span class='ocrx_word' id='word_1_142' title='bbox 531 1137 688 1190; x_wconf 83' lang='lat' dir='ltr'>potest,</span> <span class='ocrx_word' id='word_1_143' title='bbox 721 1134 833 1188; x_wconf 83' lang='lat' dir='ltr'>quod</span> <span class='ocrx_word' id='word_1_144' title='bbox 859 1149 909 1176; x_wconf 84' lang='lat' dir='ltr'>ex</span> <span class='ocrx_word' id='word_1_145' title='bbox 933 1134 1104 1176; x_wconf 82' lang='lat' dir='ltr'>infinita</span> <span class='ocrx_word' id='word_1_146' title='bbox 1130 1135 1335 1177; x_wconf 86' lang='lat' dir='ltr'>societate</span> <span class='ocrx_word' id='word_1_147' title='bbox 1362 1149 1431 1190; x_wconf 84' lang='lat' dir='ltr'>ge—</span> 
     </span>
    </p>

    <p class='ocr_par' dir='ltr' id='par_1_6' title="bbox 87 1193 1430 1248">
     <span class='ocr_line' id='line_1_20' title="bbox 87 1193 1430 1248; baseline 0.001 -14"><span class='ocrx_word' id='word_1_148' title='bbox 87 1193 201 1235; x_wconf 89' lang='lat' dir='ltr'>neris</span> <span class='ocrx_word' id='word_1_149' title='bbox 234 1193 428 1246; x_wconf 86' lang='lat' dir='ltr'>humani,</span> <span class='ocrx_word' id='word_1_150' title='bbox 467 1209 596 1248; x_wconf 89' lang='lat' dir='ltr'>quam</span> <span class='ocrx_word' id='word_1_151' title='bbox 628 1193 874 1236; x_wconf 81' lang='lat' dir='ltr'>conciliavit</span> <span class='ocrx_word' id='word_1_152' title='bbox 905 1194 1001 1248; x_wconf 84' lang='lat' dir='ltr'>ipsa</span> <span class='ocrx_word' id='word_1_153' title='bbox 1031 1196 1205 1247; x_wconf 86' lang='lat' dir='ltr'>natura,</span> <span class='ocrx_word' id='word_1_154' title='bbox 1242 1194 1305 1235; x_wconf 91' lang='lat' dir='ltr'>ita</span> <span class='ocrx_word' id='word_1_155' title='bbox 1336 1208 1430 1235; x_wconf 89' lang='lat' dir='ltr'>con-</span> 
     </span>
    </p>

    <p class='ocr_par' dir='ltr' id='par_1_7' title="bbox 35 1252 1431 1366">
     <span class='ocr_line' id='line_1_21' title="bbox 87 1252 1431 1308; baseline 0 -15"><span class='ocrx_word' id='word_1_156' title='bbox 87 1254 229 1294; x_wconf 86' lang='lat' dir='ltr'>tracta</span> <span class='ocrx_word' id='word_1_157' title='bbox 265 1266 333 1293; x_wconf 91' lang='lat' dir='ltr'>res</span> <span class='ocrx_word' id='word_1_158' title='bbox 366 1255 432 1293; x_wconf 85' lang='lat' dir='ltr'>est</span> <span class='ocrx_word' id='word_1_159' title='bbox 464 1256 507 1294; x_wconf 83' lang='lat' dir='ltr'>et</span> <span class='ocrx_word' id='word_1_160' title='bbox 539 1252 722 1294; x_wconf 86' lang='lat' dir='ltr'>adducta</span> <span class='ocrx_word' id='word_1_161' title='bbox 752 1253 798 1293; x_wconf 86' lang='lat' dir='ltr'>in</span> <span class='ocrx_word' id='word_1_162' title='bbox 830 1255 1083 1308; x_wconf 82' lang='lat' dir='ltr'>angustum,</span> <span class='ocrx_word' id='word_1_163' title='bbox 1113 1254 1163 1294; x_wconf 88' lang='lat' dir='ltr'>ut</span> <span class='ocrx_word' id='word_1_164' title='bbox 1195 1252 1334 1294; x_wconf 88' lang='lat' dir='ltr'>omnis</span> <span class='ocrx_word' id='word_1_165' title='bbox 1367 1267 1431 1294; x_wconf 88' lang='lat' dir='ltr'>ca-</span> 
     </span>
     <span class='ocr_line' id='line_1_22' title="bbox 35 1311 1320 1366; baseline -0.001 -13"><span class='ocrx_word' id='word_1_166' title='bbox 35 1321 69 1346; x_wconf 70' lang='lat'>20</span> <span class='ocrx_word' id='word_1_167' title='bbox 87 1311 196 1353; x_wconf 86' lang='lat' dir='ltr'>ritas</span> <span class='ocrx_word' id='word_1_168' title='bbox 229 1313 304 1353; x_wconf 87' lang='lat' dir='ltr'>aut</span> <span class='ocrx_word' id='word_1_169' title='bbox 333 1311 447 1352; x_wconf 86' lang='lat' dir='ltr'>inter</span> <span class='ocrx_word' id='word_1_170' title='bbox 479 1311 583 1353; x_wconf 85' lang='lat' dir='ltr'>duos</span> <span class='ocrx_word' id='word_1_171' title='bbox 616 1314 691 1353; x_wconf 88' lang='lat' dir='ltr'>aut</span> <span class='ocrx_word' id='word_1_172' title='bbox 722 1311 836 1352; x_wconf 87' lang='lat' dir='ltr'>inter</span> <span class='ocrx_word' id='word_1_173' title='bbox 866 1325 1026 1366; x_wconf 86' lang='lat' dir='ltr'>paucos</span> <span class='ocrx_word' id='word_1_174' title='bbox 1057 1311 1320 1366; x_wconf 70' lang='lat' dir='ltr'>iunge1·.etur</span> 
     </span>
    </p>
   </div>
   <div class='ocr_carea' id='block_1_6' title="bbox 175 1365 1483 1412">
    <p class='ocr_par' dir='ltr' id='par_1_8' title="bbox 175 1365 1483 1412">
     <span class='ocr_line' id='line_1_23' title="bbox 175 1365 1483 1412; baseline -0.001 -1"><span class='ocrx_word' id='word_1_175' title='bbox 175 1369 259 1412; x_wconf 84' lang='lat' dir='ltr'>Est</span> <span class='ocrx_word' id='word_1_176' title='bbox 289 1370 402 1411; x_wconf 88' lang='lat' dir='ltr'>enim</span> <span class='ocrx_word' id='word_1_177' title='bbox 434 1370 624 1412; x_wconf 88' lang='lat' dir='ltr'>amicitia</span> <span class='ocrx_word' id='word_1_178' title='bbox 653 1370 763 1411; x_wconf 86' lang='lat' dir='ltr'>m&#39;hil</span> <span class='ocrx_word' id='word_1_179' title='bbox 796 1370 912 1411; x_wconf 88' lang='lat' dir='ltr'>aliud</span> <span class='ocrx_word' id='word_1_180' title='bbox 942 1369 1028 1411; x_wconf 87' lang='lat' dir='ltr'>nisi</span> <span class='ocrx_word' id='word_1_181' title='bbox 1053 1370 1245 1412; x_wconf 83' lang='lat' dir='ltr'>omnium</span> <span class='ocrx_word' id='word_1_182' title='bbox 1272 1370 1430 1411; x_wconf 79' lang='lat' dir='ltr'>divina-</span> <span class='ocrx_word' id='word_1_183' title='bbox 1457 1365 1483 1406; x_wconf 85' lang='grc'>6</span> 
     </span>
    </p>
   </div>
   <div class='ocr_carea' id='block_1_7' title="bbox 87 1428 1432 1588">
    <p class='ocr_par' dir='ltr' id='par_1_9' title="bbox 87 1428 1432 1588">
     <span class='ocr_line' id='line_1_24' title="bbox 88 1428 1432 1483; baseline 0 -13"><span class='ocrx_word' id='word_1_184' title='bbox 88 1443 184 1470; x_wconf 89' lang='lat' dir='ltr'>rum</span> <span class='ocrx_word' id='word_1_185' title='bbox 202 1428 572 1483; x_wconf 85' lang='lat' dir='ltr'>humanarumque</span> <span class='ocrx_word' id='word_1_186' title='bbox 591 1443 734 1470; x_wconf 85' lang='lat' dir='ltr'>rerum</span> <span class='ocrx_word' id='word_1_187' title='bbox 755 1443 851 1470; x_wconf 86' lang='lat' dir='ltr'>cum</span> <span class='ocrx_word' id='word_1_188' title='bbox 870 1429 1163 1471; x_wconf 87' lang='lat' dir='ltr'>benivolentia</span> <span class='ocrx_word' id='word_1_189' title='bbox 1189 1431 1232 1470; x_wconf 87' lang='lat' dir='ltr'>et</span> <span class='ocrx_word' id='word_1_190' title='bbox 1251 1429 1432 1470; x_wconf 86' lang='lat' dir='ltr'>caritate</span> 
     </span>
     <span class='ocr_line' id='line_1_25' title="bbox 88 1487 1430 1542; baseline -0.001 -13"><span class='ocrx_word' id='word_1_191' title='bbox 88 1487 331 1542; x_wconf 82' lang='lat' dir='ltr'>consensi03</span> <span class='ocrx_word' id='word_1_192' title='bbox 362 1502 446 1542; x_wconf 89' lang='lat' dir='ltr'>qua</span> <span class='ocrx_word' id='word_1_193' title='bbox 478 1488 649 1542; x_wconf 86' lang='lat' dir='ltr'>quidem</span> <span class='ocrx_word' id='word_1_194' title='bbox 676 1487 784 1529; x_wconf 87' lang='lat' dir='ltr'>haut</span> <span class='ocrx_word' id='word_1_195' title='bbox 817 1488 905 1530; x_wconf 87' lang='lat' dir='ltr'>scio</span> <span class='ocrx_word' id='word_1_196' title='bbox 931 1502 988 1529; x_wconf 88' lang='lat' dir='ltr'>an</span> <span class='ocrx_word' id='word_1_197' title='bbox 1012 1491 1190 1542; x_wconf 85' lang='lat' dir='ltr'>excepta</span> <span class='ocrx_word' id='word_1_198' title='bbox 1217 1487 1430 1542; x_wconf 85' lang='lat' dir='ltr'>sapientia</span> 
     </span>
     <span class='ocr_line' id='line_1_26' title="bbox 87 1546 1432 1588; baseline 0.001 -1"><span class='ocrx_word' id='word_1_199' title='bbox 87 1546 198 1587; x_wconf 81' lang='lat' dir='ltr'>nihil</span> <span class='ocrx_word' id='word_1_200' title='bbox 238 1546 393 1588; x_wconf 87' lang='lat' dir='ltr'>melius</span> <span class='ocrx_word' id='word_1_201' title='bbox 436 1546 600 1588; x_wconf 88' lang='lat' dir='ltr'>homini</span> <span class='ocrx_word' id='word_1_202' title='bbox 643 1546 702 1588; x_wconf 89' lang='lat' dir='ltr'>sit</span> <span class='ocrx_word' id='word_1_203' title='bbox 745 1561 770 1587; x_wconf 90' lang='lat' dir='ltr'>a</span> <span class='ocrx_word' id='word_1_204' title='bbox 813 1546 878 1588; x_wconf 87' lang='lat' dir='ltr'>dis</span> <span class='ocrx_word' id='word_1_205' title='bbox 921 1547 1226 1588; x_wconf 84' lang='lat' dir='ltr'>inmortalibus</span> <span class='ocrx_word' id='word_1_206' title='bbox 1271 1546 1432 1588; x_wconf 86' lang='lat' dir='ltr'>datum.</span> 
     </span>
    </p>
   </div>
   <div class='ocr_carea' id='block_1_8' title="bbox 23 1605 1434 1661">
    <p class='ocr_par' dir='ltr' id='par_1_10' title="bbox 23 1605 1434 1661">
     <span class='ocr_line' id='line_1_27' title="bbox 23 1605 1434 1661; baseline -0.001 -14"><span class='ocrx_word' id='word_1_207' title='bbox 23 1615 70 1641; x_wconf 57' lang='lat'>‘²⁵</span> <span class='ocrx_word' id='word_1_208' title='bbox 88 1605 277 1647; x_wconf 85' lang='lat' dir='ltr'>Divitias</span> <span class='ocrx_word' id='word_1_209' title='bbox 309 1605 384 1647; x_wconf 87' lang='lat' dir='ltr'>alii</span> <span class='ocrx_word' id='word_1_210' title='bbox 414 1608 707 1661; x_wconf 87' lang='lat' dir='ltr'>praeponunt,</span> <span class='ocrx_word' id='word_1_211' title='bbox 736 1605 895 1647; x_wconf 84' lang='lat' dir='ltr'>bonam</span> <span class='ocrx_word' id='word_1_212' title='bbox 927 1605 1002 1647; x_wconf 89' lang='lat' dir='ltr'>alii</span> <span class='ocrx_word' id='word_1_213' title='bbox 1031 1605 1326 1660; x_wconf 86' lang='lat' dir='ltr'>valitudinem,</span> <span class='ocrx_word' id='word_1_214' title='bbox 1358 1605 1434 1647; x_wconf 87' lang='lat' dir='ltr'>alii</span> 
     </span>
    </p>
   </div>
   <div class='ocr_carea' id='block_1_9' title="bbox 37 1663 1434 2366">
    <p class='ocr_par' dir='ltr' id='par_1_11' title="bbox 37 1663 1434 2366">
     <span class='ocr_line' id='line_1_28' title="bbox 89 1663 1432 1720; baseline -0.001 -14"><span class='ocrx_word' id='word_1_215' title='bbox 89 1664 342 1720; x_wconf 89' lang='lat' dir='ltr'>potentiam,</span> <span class='ocrx_word' id='word_1_216' title='bbox 373 1664 446 1706; x_wconf 89' lang='lat' dir='ltr'>alii</span> <span class='ocrx_word' id='word_1_217' title='bbox 477 1664 679 1718; x_wconf 89' lang='lat' dir='ltr'>honores,</span> <span class='ocrx_word' id='word_1_218' title='bbox 712 1664 839 1706; x_wconf 87' lang='lat' dir='ltr'>multi</span> <span class='ocrx_word' id='word_1_219' title='bbox 871 1664 1002 1706; x_wconf 83' lang='lat' dir='ltr'>etiam</span> <span class='ocrx_word' id='word_1_220' title='bbox 1033 1665 1293 1719; x_wconf 83' lang='lat' dir='ltr'>voluptates.</span> <span class='ocrx_word' id='word_1_221' title='bbox 1354 1663 1432 1705; x_wconf 90' lang='lat' dir='ltr'>Be-</span> 
     </span>
     <span class='ocr_line' id='line_1_29' title="bbox 88 1723 1432 1778; baseline 0 -14"><span class='ocrx_word' id='word_1_222' title='bbox 88 1723 259 1765; x_wconf 87' lang='lat' dir='ltr'>luarum</span> <span class='ocrx_word' id='word_1_223' title='bbox 289 1723 372 1765; x_wconf 89' lang='lat' dir='ltr'>hoc</span> <span class='ocrx_word' id='word_1_224' title='bbox 403 1723 574 1777; x_wconf 89' lang='lat' dir='ltr'>quidem</span> <span class='ocrx_word' id='word_1_225' title='bbox 612 1726 868 1777; x_wconf 84' lang='lat' dir='ltr'>extremum,</span> <span class='ocrx_word' id='word_1_226' title='bbox 911 1723 990 1765; x_wconf 87' lang='lat' dir='ltr'>illa</span> <span class='ocrx_word' id='word_1_227' title='bbox 1026 1726 1171 1765; x_wconf 89' lang='lat' dir='ltr'>autem</span> <span class='ocrx_word' id='word_1_228' title='bbox 1210 1723 1432 1778; x_wconf 85' lang='lat' dir='ltr'>superiora</span> 
     </span>
     <span class='ocr_line' id='line_1_30' title="bbox 76 1781 1431 1837; baseline 0 -14"><span class='ocrx_word' id='word_1_229' title='bbox 76 1782 248 1830; x_wconf 50' lang='lat' dir='ltr'>‚caduca</span> <span class='ocrx_word' id='word_1_230' title='bbox 279 1784 324 1823; x_wconf 86' lang='lat' dir='ltr'>et</span> <span class='ocrx_word' id='word_1_231' title='bbox 353 1781 529 1836; x_wconf 80' lang='lat' dir='ltr'>incerta,</span> <span class='ocrx_word' id='word_1_232' title='bbox 560 1782 704 1837; x_wconf 86' lang='lat' dir='ltr'>posita</span> <span class='ocrx_word' id='word_1_233' title='bbox 734 1796 822 1823; x_wconf 90' lang='lat' dir='ltr'>non</span> <span class='ocrx_word' id='word_1_234' title='bbox 853 1784 945 1823; x_wconf 82' lang='lat' dir='ltr'>tam</span> <span class='ocrx_word' id='word_1_235' title='bbox 976 1781 1022 1823; x_wconf 89' lang='lat' dir='ltr'>in</span> <span class='ocrx_word' id='word_1_236' title='bbox 1052 1781 1244 1824; x_wconf 88' lang='lat' dir='ltr'>consiliis</span> <span class='ocrx_word' id='word_1_237' title='bbox 1269 1782 1431 1823; x_wconf 83' lang='lat' dir='ltr'>nostris</span> 
     </span>
     <span class='ocr_line' id='line_1_31' title="bbox 90 1839 1432 1895; baseline -0.001 -13"><span class='ocrx_word' id='word_1_238' title='bbox 90 1855 220 1895; x_wconf 90' lang='lat' dir='ltr'>quam</span> <span class='ocrx_word' id='word_1_239' title='bbox 249 1840 295 1882; x_wconf 89' lang='lat' dir='ltr'>in</span> <span class='ocrx_word' id='word_1_240' title='bbox 330 1840 530 1883; x_wconf 84' lang='lat' dir='ltr'>fortunae</span> <span class='ocrx_word' id='word_1_241' title='bbox 570 1841 826 1882; x_wconf 84' lang='lat' dir='ltr'>temeritate.</span> <span class='ocrx_word' id='word_1_242' title='bbox 889 1839 970 1889; x_wconf 84' lang='lat' dir='ltr'>Qui</span> <span class='ocrx_word' id='word_1_243' title='bbox 1008 1843 1152 1883; x_wconf 86' lang='lat' dir='ltr'>autem</span> <span class='ocrx_word' id='word_1_244' title='bbox 1188 1841 1233 1882; x_wconf 90' lang='lat' dir='ltr'>in</span> <span class='ocrx_word' id='word_1_245' title='bbox 1271 1840 1432 1882; x_wconf 81' lang='lat' dir='ltr'>virtute</span> 
     </span>
     <span class='ocr_line' id='line_1_32' title="bbox 37 1899 1433 1955; baseline -0.001 -14"><span class='ocrx_word' id='word_1_246' title='bbox 37 1910 71 1937; x_wconf 80' lang='lat'>³0</span> <span class='ocrx_word' id='word_1_247' title='bbox 90 1914 306 1941; x_wconf 90' lang='lat' dir='ltr'>summum</span> <span class='ocrx_word' id='word_1_248' title='bbox 336 1899 496 1942; x_wconf 91' lang='lat' dir='ltr'>bonum</span> <span class='ocrx_word' id='word_1_249' title='bbox 536 1902 720 1955; x_wconf 87' lang='lat' dir='ltr'>ponunt,</span> <span class='ocrx_word' id='word_1_250' title='bbox 763 1900 984 1955; x_wconf 88' lang='lat' dir='ltr'>praeclare</span> <span class='ocrx_word' id='word_1_251' title='bbox 1020 1899 1088 1940; x_wconf 88' lang='lat' dir='ltr'>illi</span> <span class='ocrx_word' id='word_1_252' title='bbox 1125 1899 1315 1954; x_wconf 86' lang='lat' dir='ltr'>quidem,</span> <span class='ocrx_word' id='word_1_253' title='bbox 1359 1899 1433 1941; x_wconf 87' lang='lat' dir='ltr'>sed</span> 
     </span>
     <span class='ocr_line' id='line_1_33' title="bbox 89 1957 1432 2014; baseline -0.001 -14"><span class='ocrx_word' id='word_1_254' title='bbox 89 1958 194 2001; x_wconf 79' lang='lat' dir='ltr'>haec</span> <span class='ocrx_word' id='word_1_255' title='bbox 223 1958 321 2014; x_wconf 80' lang='lat' dir='ltr'>ipsa</span> <span class='ocrx_word' id='word_1_256' title='bbox 350 1958 489 2000; x_wconf 79' lang='lat' dir='ltr'>virtus</span> <span class='ocrx_word' id='word_1_257' title='bbox 521 1958 758 2000; x_wconf 85' lang='lat' dir='ltr'>amicitiam</span> <span class='ocrx_word' id='word_1_258' title='bbox 789 1962 832 2000; x_wconf 86' lang='lat' dir='ltr'>et</span> <span class='ocrx_word' id='word_1_259' title='bbox 864 1957 1006 2014; x_wconf 79' lang='lat' dir='ltr'>gignit</span> <span class='ocrx_word' id='word_1_260' title='bbox 1037 1962 1081 2000; x_wconf 81' lang='lat' dir='ltr'>et</span> <span class='ocrx_word' id='word_1_261' title='bbox 1111 1957 1324 2011; x_wconf 80' lang='lat' dir='ltr'>continet,</span> <span class='ocrx_word' id='word_1_262' title='bbox 1354 1973 1432 2000; x_wconf 90' lang='lat' dir='ltr'>nec</span> 
     </span>
     <span class='ocr_line' id='line_1_34' title="bbox 91 2016 1432 2072; baseline 0 -14"><span class='ocrx_word' id='word_1_263' title='bbox 91 2017 181 2058; x_wconf 88' lang='lat' dir='ltr'>sine</span> <span class='ocrx_word' id='word_1_264' title='bbox 212 2017 373 2059; x_wconf 81' lang='lat' dir='ltr'>virtute</span> <span class='ocrx_word' id='word_1_265' title='bbox 406 2017 596 2059; x_wconf 84' lang='lat' dir='ltr'>amicitia</span> <span class='ocrx_word' id='word_1_266' title='bbox 628 2032 720 2059; x_wconf 88' lang='lat' dir='ltr'>esse</span> <span class='ocrx_word' id='word_1_267' title='bbox 750 2017 841 2059; x_wconf 92' lang='lat' dir='ltr'>ullo</span> <span class='ocrx_word' id='word_1_268' title='bbox 873 2020 1002 2072; x_wconf 87' lang='lat' dir='ltr'>pacto</span> <span class='ocrx_word' id='word_1_269' title='bbox 1028 2020 1185 2072; x_wconf 88' lang='lat' dir='ltr'>potest.</span> <span class='ocrx_word' id='word_1_270' title='bbox 1231 2016 1326 2058; x_wconf 90' lang='lat' dir='ltr'>Iam</span> <span class='ocrx_word' id='word_1_271' title='bbox 1351 2017 1432 2059; x_wconf 80' lang='lat' dir='ltr'>vir-</span> 
     </span>
     <span class='ocr_line' id='line_1_35' title="bbox 90 2075 1433 2130; baseline -0.001 -12"><span class='ocrx_word' id='word_1_272' title='bbox 90 2079 228 2118; x_wconf 87' lang='lat' dir='ltr'>tutem</span> <span class='ocrx_word' id='word_1_273' title='bbox 260 2090 311 2118; x_wconf 86' lang='lat' dir='ltr'>ex</span> <span class='ocrx_word' id='word_1_274' title='bbox 342 2076 648 2118; x_wconf 85' lang='lat' dir='ltr'>consuetudine</span> <span class='ocrx_word' id='word_1_275' title='bbox 679 2076 794 2118; x_wconf 85' lang='lat' dir='ltr'>vitae</span> <span class='ocrx_word' id='word_1_276' title='bbox 821 2076 1115 2130; x_wconf 82' lang='lat' dir='ltr'>sermonisque</span> <span class='ocrx_word' id='word_1_277' title='bbox 1141 2075 1280 2118; x_wconf 87' lang='lat' dir='ltr'>nostri</span> <span class='ocrx_word' id='word_1_278' title='bbox 1304 2076 1433 2117; x_wconf 89' lang='lat' dir='ltr'>inter-</span> 
     </span>
     <span class='ocr_line' id='line_1_36' title="bbox 90 2134 1433 2190; baseline 0 -14"><span class='ocrx_word' id='word_1_279' title='bbox 90 2137 308 2190; x_wconf 85' lang='lat' dir='ltr'>pretemur</span> <span class='ocrx_word' id='word_1_280' title='bbox 339 2149 418 2177; x_wconf 87' lang='lat' dir='ltr'>nee</span> <span class='ocrx_word' id='word_1_281' title='bbox 449 2150 556 2190; x_wconf 90' lang='lat' dir='ltr'>eam,</span> <span class='ocrx_word' id='word_1_282' title='bbox 587 2137 637 2177; x_wconf 86' lang='lat' dir='ltr'>ut</span> <span class='ocrx_word' id='word_1_283' title='bbox 662 2135 836 2190; x_wconf 86' lang='lat' dir='ltr'>quidam</span> <span class='ocrx_word' id='word_1_284' title='bbox 862 2134 991 2186; x_wconf 88' lang='lat' dir='ltr'>docti,</span> <span class='ocrx_word' id='word_1_285' title='bbox 1016 2135 1245 2177; x_wconf 88' lang='lat' dir='ltr'>verborum</span> <span class='ocrx_word' id='word_1_286' title='bbox 1271 2135 1433 2190; x_wconf 73' lang='lat' dir='ltr'>magni-</span> 
     </span>
     <span class='ocr_line' id='line_1_37' title="bbox 39 2193 1434 2249; baseline -0.001 -14"><span class='ocrx_word' id='word_1_287' title='bbox 39 2204 72 2230; x_wconf 68' lang='grc'>35</span> <span class='ocrx_word' id='word_1_288' title='bbox 91 2193 264 2235; x_wconf 86' lang='lat' dir='ltr'>ficentia</span> <span class='ocrx_word' id='word_1_289' title='bbox 293 2194 524 2236; x_wconf 86' lang='lat' dir='ltr'>metiamur</span> <span class='ocrx_word' id='word_1_290' title='bbox 554 2193 755 2249; x_wconf 79' lang='lat' dir='ltr'>virosque</span> <span class='ocrx_word' id='word_1_291' title='bbox 792 2194 929 2236; x_wconf 89' lang='lat' dir='ltr'>bonos</span> <span class='ocrx_word' id='word_1_292' title='bbox 968 2208 1059 2249; x_wconf 90' lang='lat' dir='ltr'>eos,</span> <span class='ocrx_word' id='word_1_293' title='bbox 1102 2194 1175 2249; x_wconf 91' lang='lat' dir='ltr'>qui</span> <span class='ocrx_word' id='word_1_294' title='bbox 1205 2194 1434 2247; x_wconf 84' lang='lat' dir='ltr'>habentur,</span> 
     </span>
     <span class='ocr_line' id='line_1_38' title="bbox 90 2251 1434 2308; baseline 0 -15"><span class='ocrx_word' id='word_1_295' title='bbox 90 2266 376 2306; x_wconf 87' lang='lat' dir='ltr'>numeremus,</span> <span class='ocrx_word' id='word_1_296' title='bbox 400 2252 574 2308; x_wconf 87' lang='lat' dir='ltr'>Paulos,</span> <span class='ocrx_word' id='word_1_297' title='bbox 599 2251 799 2308; x_wconf 86' lang='lat' dir='ltr'>Catones,</span> <span class='ocrx_word' id='word_1_298' title='bbox 831 2252 976 2307; x_wconf 83' lang='lat' dir='ltr'>Galos,</span> <span class='ocrx_word' id='word_1_299' title='bbox 1008 2251 1240 2308; x_wconf 85' lang='lat' dir='ltr'>Scipiones,</span> <span class='ocrx_word' id='word_1_300' title='bbox 1265 2252 1434 2306; x_wconf 87' lang='lat' dir='ltr'>Philos;</span> 
     </span>
     <span class='ocr_line' id='line_1_39' title="bbox 90 2310 1434 2366; baseline 0 -14"><span class='ocrx_word' id='word_1_301' title='bbox 90 2310 158 2352; x_wconf 86' lang='lat' dir='ltr'>his</span> <span class='ocrx_word' id='word_1_302' title='bbox 186 2311 424 2352; x_wconf 85' lang='lat' dir='ltr'>communis</span> <span class='ocrx_word' id='word_1_303' title='bbox 451 2312 542 2353; x_wconf 83' lang='lat' dir='ltr'>vita</span> <span class='ocrx_word' id='word_1_304' title='bbox 568 2314 770 2354; x_wconf 86' lang='lat' dir='ltr'>contenta</span> <span class='ocrx_word' id='word_1_305' title='bbox 795 2315 881 2366; x_wconf 87' lang='lat' dir='ltr'>est3</span> <span class='ocrx_word' id='word_1_306' title='bbox 905 2325 978 2353; x_wconf 87' lang='lat' dir='ltr'>eos</span> <span class='ocrx_word' id='word_1_307' title='bbox 1005 2314 1149 2354; x_wconf 86' lang='lat' dir='ltr'>autem</span> <span class='ocrx_word' id='word_1_308' title='bbox 1169 2312 1434 2365; x_wconf 84' lang='lat' dir='ltr'>omittamus,</span> 
     </span>
    </p>
   </div>
  </div>
 </body>
</html>
