1663 2490
119 749 158 779 12

121 1335 160 1366 13

135 1678 163 1716 4

123 2038 164 2069 14

183 47 240 87 60
705 44 770 79 DE
795 44 994 80 orrlcns

183 154 281 194 dam
306 153 534 207 pertinent,
560 152 720 207 partim
746 154 846 193 sunt
870 152 1072 205 inanima,
1103 154 1151 192 ut
1177 166 1340 206 aurum,
1373 166 1521 207 argen-

182 214 294 265 tum,
325 215 374 252 ut
406 226 472 265 ea,
511 225 617 265 quae
650 211 887 266 gignuntur
920 224 941 251 e
972 213 1107 264 terra,
1144 213 1192 251 ut
1228 210 1314 251 alia
1352 210 1521 266 generis

183 270 388 323 eiusdem,
419 270 579 324 partim
613 269 833 322 animalia,
871 283 978 323 quae
1009 269 1172 310 habent
1204 283 1303 310 suos
1335 268 1521 323 impetus

184 331 227 370 et
245 343 388 370 rerum
408 328 636 383 appetitus.
679 327 842 368 Eorum
862 329 1005 368 autem
1025 327 1110 368 alia
1130 327 1309 368 rationis
1331 327 1521 381 expertia

184 390 296 441 sunt,
322 387 407 428 alia
426 387 592 428 ratione
612 386 795 439 utentia,
821 388 1015 440 expertes
1035 385 1216 427 rationis
1243 386 1352 440 equi,
1378 386 1521 439 boves,
1558 396 1575 422 5

183 446 373 500 reliquae
399 445 592 500 pecudes,
620 445 768 498 [apes,]
797 458 976 498 quarum
1003 459 1129 499 opere
1156 443 1340 486 efficitur
1359 444 1523 498 aliquid

184 504 238 546 ad
270 519 393 545 usum
424 503 647 544 hominum
679 505 808 556 atque
839 502 992 556 vitam3
1031 503 1197 544 ratione
1230 506 1372 544 autem
1404 505 1522 544 uten-

183 563 292 604 tium
325 563 406 603 duo
440 576 598 617 genera
628 564 811 615 ponunt,
850 561 1024 602 deorum
1055 576 1205 615 unum,
1237 563 1419 602 alterum
1451 561 1523 602 ho-

184 622 358 662 minum.
432 620 546 661 Deos
589 620 784 674 placatos
826 619 964 674 pietas
1009 619 1165 661 efficiet
1212 623 1255 661 et
1305 620 1523 673 sanctitas,

184 680 377 735 proxime
409 681 553 720 autem
586 681 628 719 et
656 678 887 720 secundum
919 678 1018 719 deos
1050 678 1245 720 homines
1276 678 1522 720 hominibus
1543 690 1577 715 1⁰

185 752 382 779 maxume
413 738 541 778 utiles
574 751 666 778 esse
697 739 890 792 possunt.
951 736 1195 790 Earumque
1233 737 1337 778 item
1369 751 1524 791 rerum,

186 811 294 851 quae
325 799 508 838 noceant
545 798 588 837 et
626 796 788 849 obsint,
827 795 973 836 eadem
1006 795 1140 836 diviso
1174 798 1249 837 est.
1311 794 1393 836 Sed
1425 795 1525 849 quia

186 856 285 897 deos
317 869 469 896 nocere
501 869 587 896 non
617 857 785 909 putant,
815 854 868 894 iis
901 854 1087 909 exceptis
1119 854 1313 895 homines
1345 854 1524 895 homini-

184 915 265 955 bus
292 914 442 955 obesse
467 913 701 967 plurimum
728 913 1005 953 arbitrantur.
1048 912 1114 954 Ea
1140 913 1252 954 enim
1278 913 1385 967 ipsa,
1418 927 1524 966 quae

185 972 376 1014 inanima
395 972 591 1025 diximus,
609 972 813 1026 pleraque
835 973 934 1012 sunt
952 971 1175 1013 hominum
1195 972 1336 1026 operis
1357 971 1524 1024 effecta3
1545 982 1577 1007 15

187 1046 294 1086 quae
331 1045 409 1072 nec
445 1031 720 1084 haberemus,
762 1030 846 1071 nisi
885 1044 1036 1071 manus
1075 1033 1118 1071 et
1156 1044 1224 1071 ars
1264 1030 1525 1084 accessisset,

185 1105 262 1132 1166
292 1090 345 1131 iis
379 1089 468 1131 sine
500 1089 723 1130 hominum
755 1088 1125 1130 administratione
1160 1091 1388 1130 uteremur.
1443 1087 1525 1129 Ne-

187 1163 267 1203 que
306 1148 419 1190 enim
455 1147 713 1189 valetudinis
751 1147 914 1189 curatio
952 1162 1088 1201 neque
1131 1147 1351 1203 navigatio
1388 1161 1526 1201 neque

187 1207 282 1263 agri
320 1207 488 1248 cultura
525 1221 660 1260 neque
701 1206 876 1261 frugum
918 1206 1219 1260 fructuumque
1262 1206 1526 1260 reliquorum

187 1265 405 1321 perceptio
433 1268 475 1306 et
501 1240 799 1306 conservatio²3
796 1265 886 1306 sine
911 1264 1133 1306 hominum
1160 1279 1290 1319 opera
1317 1265 1408 1305 ulla
1433 1279 1525 1305 esse
1545 1276 1578 1301 20

187 1324 412 1380 potuisset.
473 1322 566 1365 Iam
603 1338 704 1364 vero
742 1326 785 1364 et
822 1338 967 1364 earum
1004 1338 1164 1377 rerum,
1206 1323 1358 1377 quibus
1398 1323 1526 1364 abun-

189 1384 404 1436 daremus,
442 1382 686 1437 exportatio
719 1385 761 1423 et
793 1397 956 1435 earum,
998 1382 1152 1436 quibus
1191 1396 1428 1437 egeremus,
1466 1382 1525 1422 'm-

188 1442 325 1484 vectio
359 1444 471 1483 certe
502 1441 623 1482 nulla
655 1443 786 1495 esset,
822 1441 905 1481 nisi
942 1440 1010 1481 his
1048 1440 1295 1482 muneribus
1327 1440 1524 1482 homines

186 1501 479 1556 fungerentur.
541 1499 787 1553 Eademque
819 1499 985 1540 ratione
1015 1513 1092 1541 nec
1130 1499 1294 1554 lapides
1330 1513 1380 1540 ex
1411 1502 1527 1540 terra

188 1559 481 1601 exciderentur
519 1559 572 1600 ad
609 1573 733 1599 usum
770 1560 966 1599 nostrum
1003 1558 1251 1612 necessarii,
1294 1573 1370 1599 nec
1409 1557 1526 1599 efer·
1547 1568 1579 1594 ‘25

190 1634 314 1669 rum,
347 1632 448 1670 aes,
482 1632 674 1671 aurum,
703 1616 992 1672 argentum
1019 1617 1273 1658 effoderetur
1300 1616 1525 1671 penitus

192 1675 440 1719 abditum'
468 1676 557 1717 sine
583 1675 806 1717 hominum
832 1676 979 1717 labore
1007 1678 1049 1716 et
1074 1690 1214 1717 manu.
1258 1675 1389 1716 Tecta
1414 1689 1526 1728 vero,

191 1736 344 1789 quibus
385 1738 427 1776 et
462 1734 675 1790 frigorum
712 1734 777 1775 vis
814 1735 1046 1788 pelleretur
1084 1737 1126 1775 et
1165 1734 1355 1776 calorum
1399 1735 1527 1775 mole-

191 1795 299 1835 stiae
332 1794 600 1847 sedarentur,
634 1793 744 1834 unde
777 1796 851 1834 aut
881 1793 1006 1834 initio
1040 1793 1185 1848 generi
1215 1792 1403 1834 humano
1436 1792 1527 1834 dari

190 1853 435 1908 potuissent
461 1855 535 1893 aut
566 1854 717 1906 postea
750 1852 987 1905 subvenire,
1019 1851 1056 1892 si
1087 1854 1161 1893 aut
1186 1852 1228 1892 vi
1257 1851 1528 1906 tempestatis
1547 1862 1584 1887 ³⁰

191 1914 266 1953 aut
297 1914 437 1952 terrae
469 1913 590 1951 motu
629 1913 703 1951 aut
741 1912 956 1951 vetustate
993 1909 1261 1964 cecidissent,
1297 1910 1381 1950 nisi
1419 1924 1529 1951 com-

190 1970 333 2011 munis
364 1970 455 2011 vita
487 1970 540 2010 ab
573 1969 818 2010 hominibus
850 1969 1003 2010 harum
1032 1983 1174 2010 rerum
1200 1969 1359 2010 auxilia
1385 1971 1529 2023 petere

191 2029 437 2070 didicisset?
487 2028 608 2069 Adde
641 2028 790 2069 ductus
824 2042 1043 2082 aquarum,
1077 2026 1362 2069 derivationes
1394 2027 1529 2068 fiumi-

189 2102 304 2140 num,
338 2101 540 2142 agrorum
572 2086 866 2142 inrigationes,
899 2087 1033 2127 moles
1067 2087 1287 2141 oppositas
1316 2086 1529 2140 fiuctibus,

190 2148 341 2201 portus
374 2160 503 2186 manu
533 2145 689 2199 factos,
729 2160 835 2199 quae
874 2145 982 2186 unde
1021 2144 1110 2186 sine
1149 2145 1371 2186 hominum
1403 2159 1529 2200 opere
1549 2155 1582 2181 35

190 2204 348 2246 habere
392 2204 644 2258 possemus?
714 2203 780 2244 Ex
824 2204 978 2258 quibus
1022 2204 1255 2258 multisque
1300 2204 1395 2245 aliis
1439 2218 1530 2258 per-

191 2264 385 2318 spicuum
418 2265 500 2314 est,
539 2262 610 2316 qui
649 2262 811 2303 fruetus
852 2277 1043 2317 quaeque
1076 2262 1288 2304 utilitates
1322 2277 1371 2303 ex
1403 2263 1529 2304 rebus
