1663 2490
398 62 486 97 Llss.
513 62 540 97 Ι.
592 61 692 97 CAP.
718 66 775 105 28,
801 66 856 97 29.
907 65 926 104 ς
951 65 1123 97 97—103.
1374 61 1430 102 35

91 171 223 212 habet
259 170 391 223 viam,
435 184 542 224 quae
588 169 757 211 deducit
794 169 847 211 ad
886 168 1227 210 convenientiam
1266 182 1430 209 conscr-

37 281 39 283 .
91 230 392 283 vationemque
422 231 620 282 naturae;
654 243 781 282 quam
808 228 844 269 si
870 242 1095 282 sequemur
1122 227 1281 281 ducem,
1312 242 1430 268 num-

91 302 219 342 quam
252 287 546 329 aberrabimus
582 301 890 341 sequemurque
928 289 971 328 et
1008 286 1069 339 id,
1107 286 1221 340 quod
1258 288 1430 327 acutum

91 350 134 388 et
165 346 389 401 perspicax
419 349 575 387 natura
607 349 684 399 est,
716 349 758 386 et
783 346 838 400 id,
870 345 983 400 quod
1009 345 1062 386 ad
1086 344 1310 386 hominum
1336 359 1431 386 con-

56 405 371 447 ssociationem
415 405 801 458 accommodatum,
851 407 894 445 et
936 403 997 457 id,
1047 404 1159 458 quod
1203 403 1430 444 vehemens

93 467 220 518 atque
257 463 381 505 forte.
449 461 531 504 Sed
576 478 776 504 maxuma
816 463 880 504 vis
926 463 1066 504 decori
1108 463 1152 504 in
1196 462 1276 504 hac
1319 462 1432 503 inest

91 525 226 578 parte,
253 522 303 563 de
329 536 413 576 qua
442 522 729 577 disputamus3
760 537 896 576 neque
923 522 1035 563 enim
1062 521 1201 563 solum
1228 521 1432 576 corporis,

92 585 164 636 qui
203 581 256 622 ad
292 583 493 622 naturam
533 581 624 635 apti
668 584 784 634 sunt,
830 580 902 622 sed
947 581 1084 622 multo
1124 580 1254 622 etiam
1291 580 1432 635 magis

92 640 224 682 animi
256 642 398 681 motus
430 640 657 695 probandi,
698 640 770 693 qui
807 640 911 680 item
949 640 1001 680 ad
1039 642 1240 680 naturam
1272 654 1432 681 accom-

42 712 73 737 ιο
92 699 256 740 modati
293 702 403 740 sunt.
465 698 634 754 Duplex
672 701 738 739 est
770 698 881 739 enim
913 699 978 739 vis
1011 699 1251 740 animorum
1286 700 1414 752 atque
1440 709 1501 740 101

91 761 265 811 natura3
308 772 393 798 una
430 772 530 812 pars
574 758 618 799 in
662 757 858 812 appetitu
901 758 1044 812 posita
1088 760 1172 811 est,
1216 772 1324 811 quae
1368 760 1434 798 est

92 813 206 871 ὁρμή
242 815 413 870 Graece,
446 831 552 871 quae
584 817 802 858 hominem
833 816 916 857 huc
942 819 985 857 et
1009 817 1111 857 illuc
1137 817 1264 870 rapit,
1297 816 1434 857 altera

91 876 137 916 in
173 875 358 929 ratione,
403 890 510 929 quae
549 875 672 917 docet
710 878 752 916 et
790 875 1008 929 explanat,
1054 874 1154 929 quid
1191 874 1433 916 faciendum

93 934 426 990 fugiendumque
459 934 526 975 sit.
588 933 656 975 Ita
688 934 749 987 fit,
779 936 827 974 ut
860 934 971 975 ratio
1004 934 1184 988 praesit,
1217 934 1433 988 adpetitus

42 1005 74 1031 15
95 993 375 1048 obtemperet.
438 991 586 1034 Omnis
626 995 768 1034 autem
808 992 919 1034 actio
958 1007 1110 1034 vacare
1149 993 1274 1034 debet
1305 996 1433 1034 teme·
1450 993 1503 1034 29

93 1052 222 1093 ritate
254 1054 297 1093 et
327 1052 604 1107 neglegentia
634 1066 711 1093 nec
744 1065 844 1092 vero
878 1065 1005 1106 agere
1038 1051 1283 1105 quicquam,
1316 1051 1432 1093 cuius

92 1126 178 1152 non
203 1110 342 1165 possit
369 1125 541 1152 causam
567 1110 838 1165 probabilem
869 1110 1062 1163 reddere3
1093 1110 1198 1152 haec
1231 1113 1296 1151 est
1322 1110 1432 1152 enim

91 1169 180 1211 fere
212 1169 435 1224 discriptio
469 1169 610 1211 officii.
660 1168 942 1211 Efficiendum
975 1171 1119 1210 autem
1153 1172 1234 1222 est,
1265 1171 1314 1210 ut
1348 1170 1416 1211 ad·
1442 1180 1504 1211 102

93 1229 254 1284 petitus
292 1228 452 1270 rationi
491 1228 721 1270 oboediant
759 1242 936 1282 eamque
975 1242 1111 1282 neque
1154 1232 1434 1283 praecurrant

41 1300 74 1325 20
93 1302 170 1329 nec
207 1290 384 1342 propter
423 1287 644 1342 pigritiam
678 1289 752 1328 aut
783 1287 1002 1343 ignaviam
1034 1287 1233 1328 deserant
1265 1287 1434 1342 sintque

94 1346 320 1401 tranquilli
354 1348 482 1400 atque
512 1347 628 1388 omni
655 1345 786 1387 animi
811 1346 1137 1400 perturbatione
1163 1349 1353 1399 careant3
1385 1361 1435 1388 ex

96 1420 178 1460 quo
224 1405 407 1447 elucebit
452 1405 589 1447 omnis
634 1405 876 1447 constantia
921 1405 1143 1459 omnisque
1184 1405 1434 1447 moderatio.

95 1464 208 1506 Nam
253 1464 325 1519 qui
370 1465 587 1519 appetitus
631 1464 804 1520 longius
849 1467 1088 1519 evagantur
1126 1467 1168 1505 et
1211 1467 1435 1519 tamquam

95 1524 338 1565 exultantes
377 1524 466 1564 sive
506 1523 711 1578 cupiendo
757 1523 845 1564 sive
888 1522 1091 1579 fugiendo
1136 1537 1223 1564 non
1266 1524 1374 1565 satis
1411 1539 1435 1566 a

41 1594 75 1620 25
95 1582 262 1624 ratione
282 1582 533 1637 retinentur,
558 1583 588 1623 ii
609 1583 699 1624 sine
721 1582 848 1623 dubio
875 1582 1004 1623 finem
1031 1585 1073 1623 et
1099 1582 1271 1623 modum
1299 1585 1436 1624 trans-

95 1644 217 1695 eunt;
261 1641 509 1696 relinquunt
547 1641 659 1683 enim
697 1644 739 1682 et
776 1641 968 1682 abiciunt
1006 1641 1321 1683 oboedientiam
1359 1656 1436 1684 nec

94 1700 253 1742 rationi
284 1703 455 1755 parent,
487 1700 554 1742 cui
586 1703 686 1742 sunt
719 1699 899 1741 subiecti
930 1700 1026 1755 lege
1057 1702 1255 1755 naturae3
1290 1715 1315 1742 a
1347 1701 1435 1755 qui-

95 1760 174 1801 bus
205 1773 292 1801 non
324 1759 449 1800 modo
477 1760 609 1800 animi
634 1759 955 1814 perturbantur,
988 1758 1060 1800 sed
1087 1759 1217 1800 etiam
1243 1774 1434 1815 corpora.

94 1817 214 1860 Licet
245 1832 321 1860 ora
351 1818 447 1872 ipsa
478 1833 648 1860 cernere
685 1818 894 1860 iratorum
934 1820 1008 1859 aut
1045 1832 1212 1872 eorum,
1249 1818 1321 1873 qui
1360 1822 1435 1860 aut

42 1877 283 1919 &lubidine
327 1877 473 1931 aliqua
517 1880 591 1919 aut
634 1880 751 1918 metu
790 1877 993 1918 commoti
1028 1880 1128 1918 sunt
1171 1880 1245 1918 aut
1287 1878 1435 1933 volup-

94 1939 184 1978 tate
221 1936 355 1977 nimia
393 1936 602 1992 gestiunt3
648 1951 828 1990 quorum
868 1935 1058 1978 omnium
1095 1936 1257 1990 voltus,
1297 1951 1435 1991 voces,

94 1998 236 2037 motus
281 1998 505 2049 statusque
549 1998 783 2036 mutantur.
845 1994 909 2035 Ex
953 1994 1107 2048 quibus
1147 1995 1256 2036 illud
1293 1995 1416 2037 intel·
1441 2004 1505 2040 103

93 2054 274 2110 legitur,
315 2056 365 2095 ut
402 2055 454 2096 ad
493 2053 622 2096 officii
662 2053 846 2095 formam
889 2056 1172 2108 revertamur,
1215 2054 1434 2110 appetitus

96 2127 242 2154 omnes
275 2113 589 2155 contrahendos
622 2113 913 2167 sedandosque
951 2126 1044 2154 esse
1082 2113 1434 2169 excitandamque

43 2181 76 2208 ³5
96 2171 508 2214 animadversionem
547 2174 589 2214 et
627 2172 912 2227 diligentiam,
955 2174 1004 2213 ut
1040 2186 1093 2213 ne
1135 2172 1236 2227 quid
1273 2175 1433 2214 temere

95 2245 144 2272 ac
167 2230 362 2285 fortuito,
386 2231 699 2273 inconsiderate
724 2232 1085 2286 neglegenterque
1113 2245 1304 2287 agamus.
1351 2231 1433 2273 Ne-

95 2303 175 2344 que
208 2289 320 2331 enim
352 2290 415 2332 ita
447 2290 641 2346 generati
673 2305 697 2332 a
727 2293 883 2332 natura
915 2304 1079 2345 sumus,
1120 2293 1169 2331 ut
1200 2290 1253 2332 ad
1285 2290 1433 2332 ludum

1173 2361 1221 2393 3¹4
