1663 2490
143 478 209 510 110
228 468 291 509 At
321 482 407 508 non
434 466 581 507 debuit
605 468 749 507 ratum
775 479 879 520 esse,
911 466 1024 521 quod
1054 469 1146 508 erat
1171 470 1315 508 actum
1345 481 1423 522 per
1448 466 1547 508 vim.

139 1334 190 1375 31

139 1385 203 1416 111
256 1406 264 1413 .

140 1946 203 1977 112

212 68 297 108 126
733 65 798 100 DE
823 65 1023 101 OFFlcnS

211 177 386 229 accepta
411 176 478 216 est
507 173 705 216 hostibus
738 172 916 215 deditus.
977 172 1214 215 Honestius
1243 173 1314 215 hic
1346 188 1474 228 quam
1500 171 1548 222 Q.

209 233 451 288 Pompeius,
483 247 579 287 quo,
611 247 707 273 cum
738 232 784 273 in
815 231 964 273 eadem
988 246 1118 274 causa
1143 235 1268 286 esset,
1294 231 1548 287 deprecante

210 295 385 347 accepta
417 292 485 333 lex
516 305 603 332 non
634 293 710 331 est.
772 289 856 331 Hic
887 304 949 344 ea,
980 304 1088 345 quae
1114 291 1340 332 videbatur
1366 290 1548 344 utilitas,

210 351 308 405 plus
340 350 479 391 valuit
511 364 639 403 quam
670 348 894 402 honestas,
926 349 1040 403 apud
1071 350 1312 404 superiores
1342 349 1547 390 utilitatis

211 409 372 463 species
403 408 516 449 falsa
536 408 590 448 ab
616 407 857 448 honestatis
883 407 1140 449 auctoritate
1166 410 1369 463 superata
1388 410 1465 449 est.
1491 431 1546 437 —
1585 421 1601 447 5

214 551 262 555 —
299 525 430 574 Quasi
462 539 563 566 vero
594 524 700 566 forti
736 524 830 566 viro
861 523 927 566 vis
961 525 1101 579 possit
1131 525 1337 567 adhiberi.
1368 549 1423 556 —
1463 523 1548 567 Cur

208 585 344 640 igitur
376 584 429 624 ad
461 585 658 624 senatum
689 582 1051 638 proficiscebatur,
1082 598 1179 625 cum
1210 584 1465 638 praesertim
1497 584 1548 624 de

210 642 393 698 captivis
414 641 684 683 dissuasurus
705 641 851 683 esset?
867 665 921 670 —
943 641 1065 690 Quod
1084 642 1317 684 maximum
1335 643 1380 683 in
1401 657 1449 684 eo
1471 645 1548 695 est,

208 702 253 742 id
295 700 620 756 reprehenditis.
681 699 780 742 Non
824 700 936 741 enim
981 714 1057 742 suo
1095 700 1250 742 iudicio
1295 701 1435 755 stetit,
1474 702 1547 742 sed
1568 714 1602 739 10

209 760 398 815 suscepit
429 774 620 813 causam,
663 761 713 800 ut
749 762 863 800 esset
900 759 1102 800 iudicium
1135 762 1330 814 senatus3
1368 760 1435 802 cui
1464 760 1549 801 nisi

207 820 300 874 ipse
333 821 481 860 auctor
511 818 677 872 fuisset,
709 818 870 873 captivi
900 817 1094 873 profecto
1125 817 1281 860 Poenis
1305 818 1462 860 redditi
1487 833 1549 860 es-

208 881 321 931 sent3
352 878 416 918 ita
440 877 668 918 incolumis
693 876 738 917 in
764 876 908 932 patria
926 875 1119 933 Regulus
1142 877 1385 919 restitisset.
1426 876 1549 926 Quod

209 937 309 991 quia
339 935 507 991 patriae
537 950 625 977 non
654 935 760 977 utile
792 934 980 990 putavit,
1014 935 1170 977 idcirco
1204 936 1287 977 sibi
1317 936 1547 978 honestum

209 999 252 1037 et
283 995 442 1036 sentire
472 994 550 1036 illa
576 997 619 1036 et
643 995 736 1049 pati
761 994 951 1035 credidit.
1005 993 1119 1036 Nam
1143 995 1256 1049 quod
1276 995 1408 1049 aiunt,
1434 995 1547 1049 quod
1569 1007 1600 1032 15

207 1054 332 1095 valde
356 1054 464 1095 utile
489 1053 558 1107 sit,
590 1053 633 1094 id
658 1053 751 1094 fieri
775 1053 1017 1106 honestum,
1045 1053 1176 1095 immo
1202 1067 1303 1095 vero
1331 1068 1435 1107 esse,
1460 1068 1547 1095 non

207 1112 311 1154 fieri.
360 1112 441 1153 Est
473 1112 585 1153 enim
616 1111 724 1153 nihil
750 1112 868 1166 utile,
900 1112 1014 1166 quod
1044 1112 1156 1153 idem
1188 1127 1275 1154 non
1305 1112 1547 1166 honestum,

207 1186 295 1225 nec,
328 1172 427 1225 quia
457 1171 576 1224 utile,
607 1171 855 1224 honestum,
896 1170 987 1224 sed,
1019 1171 1119 1225 quia
1148 1171 1396 1224 honestum,
1428 1171 1546 1212 utile.

208 1230 348 1279 Quare
380 1245 429 1271 ex
458 1229 607 1270 multis
633 1230 905 1271 mirabilibus
933 1229 1138 1284 exemplis
1164 1230 1279 1271 haud
1303 1229 1430 1271 facile
1450 1230 1545 1284 quis

207 1289 362 1330 dixerit
392 1289 474 1330 hoc
500 1289 692 1342 exemplo
731 1291 805 1329 aut
842 1288 1102 1329 laudabilius
1136 1291 1210 1329 aut
1240 1290 1545 1343 praestantius.
1566 1300 1599 1326 2⁰

296 1345 379 1388 Sed
410 1361 460 1388 ex
492 1349 586 1388 tota
617 1347 698 1388 hac
723 1346 849 1388 laude
881 1346 1038 1402 Reguli
1070 1362 1201 1388 unum
1233 1347 1341 1388 illud
1374 1350 1440 1388 est
1475 1347 1545 1389 ad—

208 1406 436 1447 m1ratione
475 1406 670 1461 dignum,
708 1405 821 1459 quod
852 1406 1046 1460 captivos
1085 1405 1330 1447 retinendos
1369 1406 1545 1448 censuit.

207 1465 321 1506 Nam
353 1465 466 1519 quod
497 1464 641 1517 rediit,
683 1464 808 1506 nobis
845 1478 957 1505 nunc
994 1463 1191 1506 mirabile
1228 1464 1413 1518 videtur,
1456 1465 1545 1506 illis

208 1524 378 1579 quidem
416 1523 683 1578 temporibus
722 1523 849 1564 aliter
890 1522 1031 1564 facere
1066 1537 1155 1564 non
1196 1523 1356 1578 potuit3
1399 1523 1545 1578 itaque

206 1584 292 1625 ista
332 1583 426 1624 laus
463 1597 550 1624 non
587 1584 653 1623 est
689 1581 894 1636 hominis,
938 1581 1011 1623 sed
1048 1584 1303 1637 temporum.
1364 1581 1545 1624 Nullum
1564 1594 1598 1620 25
1660 1613 1663 1637 Ξ

207 1642 321 1683 enim
339 1641 556 1683 vinculum
577 1640 629 1682 ad
650 1640 942 1696 astrigendam
958 1640 1086 1682 fidem
1105 1641 1196 1682 iure
1215 1641 1394 1683 iurando
1415 1642 1545 1683 maio-

206 1716 273 1742 res
296 1700 430 1742 artius
451 1714 544 1742 esse
563 1699 802 1741 voluerunt.
839 1699 889 1740 Id
908 1699 1100 1741 indicant
1119 1701 1234 1755 leges
1259 1700 1305 1741 in
1324 1700 1545 1742 duodecim

206 1759 387 1813 tabulis,
429 1759 621 1800 indicant
664 1760 878 1812 sacratae,
920 1758 1111 1800 indicant
1152 1758 1342 1813 foedera,
1390 1759 1544 1813 quibus

208 1819 338 1859 etiam
376 1833 471 1860 cum
507 1817 632 1859 hoste
678 1817 915 1859 devincitur
950 1816 1077 1870 fides,
1114 1817 1306 1858 indicant
1346 1817 1543 1859 notiones

208 1876 683 1931 animadversionesque
720 1890 962 1930 censorum,
1007 1875 1080 1930 qui
1122 1876 1242 1917 nulla
1280 1876 1329 1916 de
1368 1891 1413 1917 re
1452 1876 1542 1917 dili·
1562 1888 1597 1914 3ο
1654 1923 1657 1931 φ

225 1936 395 1991 gentius
429 1951 557 1990 quam
589 1935 639 1976 de
669 1935 760 1976 iure
791 1935 969 1976 iurando
1001 1934 1258 1976 iudicabant.
1303 1934 1349 1975 L.
1380 1934 1543 1977 Manlio

207 1996 257 2035 A.
288 1995 329 2048 f„
362 2010 457 2036 cum
489 1994 674 2035 dictator
705 1993 869 2046 fuisset,
901 1993 955 2034 M.
980 1992 1242 2048 Pomponius
1269 1995 1321 2034 tr.
1347 1993 1405 2048 pl.
1431 1993 1543 2035 diem

208 2053 326 2106 dixit,
358 2053 470 2107 quod
495 2053 532 2094 is
558 2067 716 2108 paucos
743 2052 825 2094 sibi
846 2052 934 2093 dies
955 2051 1008 2093 ad
1028 2052 1286 2094 dictaturam
1313 2051 1544 2107 gerendam

207 2112 457 2165 addidisset3
490 2112 799 2153 criminabatur
825 2111 966 2165 etiam,
993 2111 1104 2165 quod
1125 2110 1271 2152 Titum
1295 2111 1445 2166 filium,
1471 2110 1544 2165 qui

205 2173 356 2225 postea
388 2173 453 2211 est
485 2170 728 2224 Torquatus
767 2170 1028 2225 appellatUS‚
1066 2170 1120 2211 ab
1159 2170 1404 2211 hominibus
1439 2170 1596 2210 rele-35
1658 2165 1663 2173 Κ

207 2231 354 2285 gasset
379 2232 422 2270 et
453 2229 543 2270 ruri
567 2229 765 2271 habitare
790 2228 997 2270 iussisset.
1042 2227 1163 2277 Quod
1188 2243 1284 2270 cum
1310 2228 1542 2270 audivisset

206 2288 453 2330 adulescens
484 2287 618 2341 filius,
654 2287 877 2343 negotium
910 2286 1100 2329 exhiberi
1136 2288 1269 2342 patri,
1310 2286 1542 2329 accurrisse
