<?xml version="1.0" encoding="UTF-8"?>
<!DOCTYPE html PUBLIC "-//W3C//DTD XHTML 1.0 Transitional//EN"
    "http://www.w3.org/TR/xhtml1/DTD/xhtml1-transitional.dtd">
<html xmlns="http://www.w3.org/1999/xhtml" xml:lang="en" lang="en">
 <head>
  <title>
</title>
<meta http-equiv="Content-Type" content="text/html;charset=utf-8" />
  <meta name='ocr-system' content='tesseract 3.04.00' />
  <meta name='ocr-capabilities' content='ocr_page ocr_carea ocr_par ocr_line ocrx_word'/>
</head>
<body>
  <div class='ocr_page' id='page_1' title='image "./p3scriptaquaemanse04ciceuoft_0150.png"; bbox 0 0 1663 2490; ppageno 0'>
   <div class='ocr_carea' id='block_1_1' title="bbox 117 909 168 949">
    <p class='ocr_par' dir='ltr' id='par_1_1' title="bbox 117 909 168 949">
     <span class='ocr_line' id='line_1_1' title="bbox 117 909 168 949; baseline -0.02 0"><span class='ocrx_word' id='word_1_1' title='bbox 117 909 168 949; x_wconf 79' lang='lat'>21</span> 
     </span>
    </p>
   </div>
   <div class='ocr_carea' id='block_1_2' title="bbox 117 960 159 991">
    <p class='ocr_par' dir='ltr' id='par_1_2' title="bbox 117 960 159 991">
     <span class='ocr_line' id='line_1_2' title="bbox 117 960 159 991; baseline 0 0"><span class='ocrx_word' id='word_1_2' title='bbox 117 960 159 991; x_wconf 75' lang='lat'>‘12</span> 
     </span>
    </p>
   </div>
   <div class='ocr_carea' id='block_1_3' title="bbox 121 1645 160 1676">
    <p class='ocr_par' dir='ltr' id='par_1_3' title="bbox 121 1645 160 1676">
     <span class='ocr_line' id='line_1_3' title="bbox 121 1645 160 1676; baseline -0.026 0"><span class='ocrx_word' id='word_1_3' title='bbox 121 1645 160 1676; x_wconf 79' lang='lat'>73</span> 
     </span>
    </p>
   </div>
   <div class='ocr_carea' id='block_1_4' title="bbox 185 57 997 100">
    <p class='ocr_par' dir='ltr' id='par_1_4' title="bbox 185 57 997 100">
     <span class='ocr_line' id='line_1_4' title="bbox 185 57 997 100; baseline 0.002 -10"><span class='ocrx_word' id='word_1_4' title='bbox 185 57 242 100; x_wconf 81' lang='lat'>82</span> <span class='ocrx_word' id='word_1_5' title='bbox 709 57 773 92; x_wconf 86' lang='lat' dir='ltr'>DE</span> <span class='ocrx_word' id='word_1_6' title='bbox 799 57 997 93; x_wconf 72' lang='lat' dir='ltr'>orricns</span> 
     </span>
    </p>
   </div>
   <div class='ocr_carea' id='block_1_5' title="bbox 183 164 1575 1276">
    <p class='ocr_par' dir='ltr' id='par_1_5' title="bbox 183 164 1574 911">
     <span class='ocr_line' id='line_1_5' title="bbox 186 164 1521 220; baseline 0.001 -14"><span class='ocrx_word' id='word_1_7' title='bbox 186 164 323 207; x_wconf 87' lang='lat' dir='ltr'>viro.’</span> <span class='ocrx_word' id='word_1_8' title='bbox 372 164 454 207; x_wconf 79' lang='lat' dir='ltr'>Sed</span> <span class='ocrx_word' id='word_1_9' title='bbox 485 166 675 220; x_wconf 87' lang='lat' dir='ltr'>corrupti</span> <span class='ocrx_word' id='word_1_10' title='bbox 707 179 847 206; x_wconf 91' lang='lat' dir='ltr'>mores</span> <span class='ocrx_word' id='word_1_11' title='bbox 879 164 1184 220; x_wconf 73' lang='lat' dir='ltr'>depravatique</span> <span class='ocrx_word' id='word_1_12' title='bbox 1216 169 1316 207; x_wconf 83' lang='lat' dir='ltr'>sunt</span> <span class='ocrx_word' id='word_1_13' title='bbox 1342 165 1521 208; x_wconf 81' lang='lat' dir='ltr'>admira-</span> 
     </span>
     <span class='ocr_line' id='line_1_6' title="bbox 186 223 1521 278; baseline 0 -12"><span class='ocrx_word' id='word_1_14' title='bbox 186 223 301 266; x_wconf 78' lang='lat' dir='ltr'>tione</span> <span class='ocrx_word' id='word_1_15' title='bbox 340 223 603 278; x_wconf 81' lang='lat' dir='ltr'>divitiarum3</span> <span class='ocrx_word' id='word_1_16' title='bbox 647 238 827 278; x_wconf 86' lang='lat' dir='ltr'>quarum</span> <span class='ocrx_word' id='word_1_17' title='bbox 870 224 1121 278; x_wconf 74' lang='lat' dir='ltr'>magnitudo</span> <span class='ocrx_word' id='word_1_18' title='bbox 1161 224 1262 278; x_wconf 89' lang='lat' dir='ltr'>quid</span> <span class='ocrx_word' id='word_1_19' title='bbox 1300 224 1353 266; x_wconf 87' lang='lat' dir='ltr'>ad</span> <span class='ocrx_word' id='word_1_20' title='bbox 1389 239 1521 266; x_wconf 88' lang='lat' dir='ltr'>unum</span> 
     </span>
     <span class='ocr_line' id='line_1_7' title="bbox 186 281 1520 337; baseline 0 -13"><span class='ocrx_word' id='word_1_21' title='bbox 186 297 395 337; x_wconf 83' lang='lat' dir='ltr'>quemque</span> <span class='ocrx_word' id='word_1_22' title='bbox 433 286 629 324; x_wconf 83' lang='lat' dir='ltr'>nostrum</span> <span class='ocrx_word' id='word_1_23' title='bbox 666 281 882 337; x_wconf 77' lang='lat' dir='ltr'>pertinet?</span> <span class='ocrx_word' id='word_1_24' title='bbox 943 281 1073 323; x_wconf 87' lang='lat' dir='ltr'>Illum</span> <span class='ocrx_word' id='word_1_25' title='bbox 1110 282 1296 324; x_wconf 86' lang='lat' dir='ltr'>fortasse</span> <span class='ocrx_word' id='word_1_26' title='bbox 1333 282 1520 337; x_wconf 86' lang='lat' dir='ltr'>adiuvat,</span> 
     </span>
     <span class='ocr_line' id='line_1_8' title="bbox 186 340 1522 396; baseline 0.001 -14"><span class='ocrx_word' id='word_1_27' title='bbox 186 342 257 396; x_wconf 92' lang='lat' dir='ltr'>qui</span> <span class='ocrx_word' id='word_1_28' title='bbox 294 341 437 383; x_wconf 89' lang='lat' dir='ltr'>habet.</span> <span class='ocrx_word' id='word_1_29' title='bbox 498 340 564 382; x_wconf 90' lang='lat' dir='ltr'>Ne</span> <span class='ocrx_word' id='word_1_30' title='bbox 601 341 644 382; x_wconf 94' lang='lat' dir='ltr'>id</span> <span class='ocrx_word' id='word_1_31' title='bbox 690 340 861 394; x_wconf 89' lang='lat' dir='ltr'>quidem</span> <span class='ocrx_word' id='word_1_32' title='bbox 905 354 1089 395; x_wconf 83' lang='lat' dir='ltr'>semper3</span> <span class='ocrx_word' id='word_1_33' title='bbox 1133 341 1206 382; x_wconf 89' lang='lat' dir='ltr'>sed</span> <span class='ocrx_word' id='word_1_34' title='bbox 1248 341 1316 383; x_wconf 86' lang='lat' dir='ltr'>fac</span> <span class='ocrx_word' id='word_1_35' title='bbox 1357 341 1522 395; x_wconf 78' lang='lat' dir='ltr'>iuvare3</span> 
     </span>
     <span class='ocr_line' id='line_1_9' title="bbox 183 398 1574 453; baseline -0.001 -11"><span class='ocrx_word' id='word_1_36' title='bbox 183 400 374 442; x_wconf 74' lang='lat' dir='ltr'>utentior</span> <span class='ocrx_word' id='word_1_37' title='bbox 405 414 506 441; x_wconf 85' lang='lat' dir='ltr'>sane</span> <span class='ocrx_word' id='word_1_38' title='bbox 538 399 612 453; x_wconf 87' lang='lat' dir='ltr'>sit,</span> <span class='ocrx_word' id='word_1_39' title='bbox 643 398 865 440; x_wconf 84' lang='lat' dir='ltr'>honestior</span> <span class='ocrx_word' id='word_1_40' title='bbox 895 413 996 440; x_wconf 87' lang='lat' dir='ltr'>vero</span> <span class='ocrx_word' id='word_1_41' title='bbox 1030 414 1111 453; x_wconf 91' lang='lat' dir='ltr'>quo</span> <span class='ocrx_word' id='word_1_42' title='bbox 1143 400 1299 441; x_wconf 78' lang='lat' dir='ltr'>modo?</span> <span class='ocrx_word' id='word_1_43' title='bbox 1361 398 1522 448; x_wconf 84' lang='lat' dir='ltr'>Quodsi</span> <span class='ocrx_word' id='word_1_44' title='bbox 1557 411 1574 437; x_wconf 86' lang='lat'>5</span> 
     </span>
     <span class='ocr_line' id='line_1_10' title="bbox 185 457 1520 512; baseline 0 -12"><span class='ocrx_word' id='word_1_45' title='bbox 185 459 314 501; x_wconf 90' lang='lat' dir='ltr'>etiam</span> <span class='ocrx_word' id='word_1_46' title='bbox 340 459 477 500; x_wconf 92' lang='lat' dir='ltr'>bonus</span> <span class='ocrx_word' id='word_1_47' title='bbox 504 458 586 499; x_wconf 89' lang='lat' dir='ltr'>erit</span> <span class='ocrx_word' id='word_1_48' title='bbox 610 457 688 510; x_wconf 85' lang='lat' dir='ltr'>vir,</span> <span class='ocrx_word' id='word_1_49' title='bbox 718 471 771 498; x_wconf 91' lang='lat' dir='ltr'>ne</span> <span class='ocrx_word' id='word_1_50' title='bbox 796 457 1032 511; x_wconf 83' lang='lat' dir='ltr'>impediant</span> <span class='ocrx_word' id='word_1_51' title='bbox 1058 458 1244 512; x_wconf 86' lang='lat' dir='ltr'>divitiae,</span> <span class='ocrx_word' id='word_1_52' title='bbox 1270 473 1353 512; x_wconf 90' lang='lat' dir='ltr'>quo</span> <span class='ocrx_word' id='word_1_53' title='bbox 1380 458 1520 500; x_wconf 91' lang='lat' dir='ltr'>minus</span> 
     </span>
     <span class='ocr_line' id='line_1_11' title="bbox 184 515 1522 570; baseline 0 -11"><span class='ocrx_word' id='word_1_54' title='bbox 184 518 365 570; x_wconf 84' lang='lat' dir='ltr'>iuvetur,</span> <span class='ocrx_word' id='word_1_55' title='bbox 397 516 523 557; x_wconf 86' lang='lat' dir='ltr'>modo</span> <span class='ocrx_word' id='word_1_56' title='bbox 548 531 601 557; x_wconf 91' lang='lat' dir='ltr'>ne</span> <span class='ocrx_word' id='word_1_57' title='bbox 629 516 841 569; x_wconf 83' lang='lat' dir='ltr'>adiuvent,</span> <span class='ocrx_word' id='word_1_58' title='bbox 874 515 1014 570; x_wconf 90' lang='lat' dir='ltr'>sitque</span> <span class='ocrx_word' id='word_1_59' title='bbox 1041 531 1165 558; x_wconf 89' lang='lat' dir='ltr'>omne</span> <span class='ocrx_word' id='word_1_60' title='bbox 1190 517 1404 570; x_wconf 87' lang='lat' dir='ltr'>iudicium,</span> <span class='ocrx_word' id='word_1_61' title='bbox 1434 531 1522 559; x_wconf 92' lang='lat' dir='ltr'>non</span> 
     </span>
     <span class='ocr_line' id='line_1_12' title="bbox 185 574 1522 631; baseline -0.001 -13"><span class='ocrx_word' id='word_1_62' title='bbox 185 591 315 631; x_wconf 91' lang='lat' dir='ltr'>quam</span> <span class='ocrx_word' id='word_1_63' title='bbox 358 576 566 629; x_wconf 80' lang='lat' dir='ltr'>locuples,</span> <span class='ocrx_word' id='word_1_64' title='bbox 611 575 684 616; x_wconf 89' lang='lat' dir='ltr'>sed</span> <span class='ocrx_word' id='word_1_65' title='bbox 728 574 867 629; x_wconf 85' lang='lat' dir='ltr'>qualis</span> <span class='ocrx_word' id='word_1_66' title='bbox 913 575 1090 629; x_wconf 88' lang='lat' dir='ltr'>quisque</span> <span class='ocrx_word' id='word_1_67' title='bbox 1135 575 1207 616; x_wconf 89' lang='lat' dir='ltr'>sit!</span> <span class='ocrx_word' id='word_1_68' title='bbox 1267 575 1522 617; x_wconf 79' lang='lat' dir='ltr'>Extremum</span> 
     </span>
     <span class='ocr_line' id='line_1_13' title="bbox 186 633 1521 689; baseline 0 -13"><span class='ocrx_word' id='word_1_69' title='bbox 186 638 329 677; x_wconf 87' lang='lat' dir='ltr'>autem</span> <span class='ocrx_word' id='word_1_70' title='bbox 365 636 641 688; x_wconf 83' lang='lat' dir='ltr'>praeceptum</span> <span class='ocrx_word' id='word_1_71' title='bbox 676 633 722 674; x_wconf 89' lang='lat' dir='ltr'>in</span> <span class='ocrx_word' id='word_1_72' title='bbox 758 633 974 675; x_wconf 87' lang='lat' dir='ltr'>beneficiis</span> <span class='ocrx_word' id='word_1_73' title='bbox 1014 648 1227 688; x_wconf 84' lang='lat' dir='ltr'>operaque</span> <span class='ocrx_word' id='word_1_74' title='bbox 1271 634 1426 689; x_wconf 88' lang='lat' dir='ltr'>danda,</span> <span class='ocrx_word' id='word_1_75' title='bbox 1468 649 1521 676; x_wconf 89' lang='lat' dir='ltr'>ne</span> 
     </span>
     <span class='ocr_line' id='line_1_14' title="bbox 186 692 1574 748; baseline 0 -14"><span class='ocrx_word' id='word_1_76' title='bbox 186 693 287 748; x_wconf 89' lang='lat' dir='ltr'>quid</span> <span class='ocrx_word' id='word_1_77' title='bbox 324 695 474 734; x_wconf 84' lang='lat' dir='ltr'>eontra</span> <span class='ocrx_word' id='word_1_78' title='bbox 517 692 779 746; x_wconf 81' lang='lat' dir='ltr'>aequitatem</span> <span class='ocrx_word' id='word_1_79' title='bbox 822 692 1072 745; x_wconf 74' lang='lat' dir='ltr'>contendas,</span> <span class='ocrx_word' id='word_1_80' title='bbox 1115 707 1168 733; x_wconf 89' lang='lat' dir='ltr'>ne</span> <span class='ocrx_word' id='word_1_81' title='bbox 1207 693 1308 747; x_wconf 89' lang='lat' dir='ltr'>quid</span> <span class='ocrx_word' id='word_1_82' title='bbox 1344 707 1423 747; x_wconf 88' lang='lat' dir='ltr'>pro</span> <span class='ocrx_word' id='word_1_83' title='bbox 1461 693 1521 734; x_wconf 91' lang='lat' dir='ltr'>in-</span> <span class='ocrx_word' id='word_1_84' title='bbox 1541 706 1574 730; x_wconf 85' lang='lat'>10</span> 
     </span>
     <span class='ocr_line' id='line_1_15' title="bbox 185 750 1522 806; baseline -0.001 -13"><span class='ocrx_word' id='word_1_85' title='bbox 185 752 312 805; x_wconf 82' lang='lat' dir='ltr'>iuria3</span> <span class='ocrx_word' id='word_1_86' title='bbox 353 751 679 792; x_wconf 88' lang='lat' dir='ltr'>fundamentum</span> <span class='ocrx_word' id='word_1_87' title='bbox 723 750 836 792; x_wconf 90' lang='lat' dir='ltr'>enim</span> <span class='ocrx_word' id='word_1_88' title='bbox 880 753 946 792; x_wconf 88' lang='lat' dir='ltr'>est</span> <span class='ocrx_word' id='word_1_89' title='bbox 988 753 1220 806; x_wconf 81' lang='lat' dir='ltr'>perpetuae</span> <span class='ocrx_word' id='word_1_90' title='bbox 1258 751 1522 793; x_wconf 85' lang='lat' dir='ltr'>commenda-</span> 
     </span>
     <span class='ocr_line' id='line_1_16' title="bbox 185 809 1522 864; baseline -0.001 -12"><span class='ocrx_word' id='word_1_91' title='bbox 185 810 315 852; x_wconf 84' lang='lat' dir='ltr'>tionis</span> <span class='ocrx_word' id='word_1_92' title='bbox 360 813 402 851; x_wconf 92' lang='lat' dir='ltr'>et</span> <span class='ocrx_word' id='word_1_93' title='bbox 444 810 585 851; x_wconf 83' lang='lat' dir='ltr'>famae</span> <span class='ocrx_word' id='word_1_94' title='bbox 625 809 810 864; x_wconf 88' lang='lat' dir='ltr'>iustitia,</span> <span class='ocrx_word' id='word_1_95' title='bbox 854 809 944 851; x_wconf 87' lang='lat' dir='ltr'>sine</span> <span class='ocrx_word' id='word_1_96' title='bbox 983 824 1066 863; x_wconf 89' lang='lat' dir='ltr'>qua</span> <span class='ocrx_word' id='word_1_97' title='bbox 1101 809 1210 850; x_wconf 89' lang='lat' dir='ltr'>nihil</span> <span class='ocrx_word' id='word_1_98' title='bbox 1248 812 1394 864; x_wconf 89' lang='lat' dir='ltr'>potest</span> <span class='ocrx_word' id='word_1_99' title='bbox 1430 824 1522 851; x_wconf 90' lang='lat' dir='ltr'>esse</span> 
     </span>
     <span class='ocr_line' id='line_1_17' title="bbox 187 869 413 911; baseline -0.004 -1"><span class='ocrx_word' id='word_1_100' title='bbox 187 869 413 911; x_wconf 81' lang='lat' dir='ltr'>laudabile.</span> 
     </span>
    </p>

    <p class='ocr_par' dir='ltr' id='par_1_6' title="bbox 185 926 1575 1276">
     <span class='ocr_line' id='line_1_18' title="bbox 274 926 1522 982; baseline 0 -13"><span class='ocrx_word' id='word_1_101' title='bbox 274 926 373 978; x_wconf 81' lang='lat' dir='ltr'>Sed,</span> <span class='ocrx_word' id='word_1_102' title='bbox 411 927 613 982; x_wconf 90' lang='lat' dir='ltr'>quoniam</span> <span class='ocrx_word' id='word_1_103' title='bbox 652 927 703 968; x_wconf 90' lang='lat' dir='ltr'>de</span> <span class='ocrx_word' id='word_1_104' title='bbox 742 941 791 969; x_wconf 89' lang='lat' dir='ltr'>eo</span> <span class='ocrx_word' id='word_1_105' title='bbox 831 941 985 982; x_wconf 80' lang='lat' dir='ltr'>genere</span> <span class='ocrx_word' id='word_1_106' title='bbox 1023 927 1326 969; x_wconf 88' lang='lat' dir='ltr'>beneficiorum</span> <span class='ocrx_word' id='word_1_107' title='bbox 1364 927 1522 969; x_wconf 87' lang='lat' dir='ltr'>dictum</span> 
     </span>
     <span class='ocr_line' id='line_1_19' title="bbox 186 985 1575 1041; baseline -0.001 -13"><span class='ocrx_word' id='word_1_108' title='bbox 186 990 268 1041; x_wconf 90' lang='lat' dir='ltr'>est,</span> <span class='ocrx_word' id='word_1_109' title='bbox 302 1001 410 1041; x_wconf 91' lang='lat' dir='ltr'>quae</span> <span class='ocrx_word' id='word_1_110' title='bbox 443 986 496 1027; x_wconf 91' lang='lat' dir='ltr'>ad</span> <span class='ocrx_word' id='word_1_111' title='bbox 527 986 722 1041; x_wconf 81' lang='lat' dir='ltr'>singulos</span> <span class='ocrx_word' id='word_1_112' title='bbox 754 988 970 1040; x_wconf 84' lang='lat' dir='ltr'>spectant,</span> <span class='ocrx_word' id='word_1_113' title='bbox 1003 985 1198 1040; x_wconf 79' lang='lat' dir='ltr'>deinceps</span> <span class='ocrx_word' id='word_1_114' title='bbox 1230 986 1280 1027; x_wconf 91' lang='lat' dir='ltr'>de</span> <span class='ocrx_word' id='word_1_115' title='bbox 1311 986 1381 1040; x_wconf 90' lang='lat' dir='ltr'>iis,</span> <span class='ocrx_word' id='word_1_116' title='bbox 1414 1001 1521 1041; x_wconf 85' lang='lat' dir='ltr'>quae</span> <span class='ocrx_word' id='word_1_117' title='bbox 1542 998 1575 1024; x_wconf 84' lang='lat'>1⁵</span> 
     </span>
     <span class='ocr_line' id='line_1_20' title="bbox 186 1045 1522 1099; baseline -0.001 -12"><span class='ocrx_word' id='word_1_118' title='bbox 186 1046 239 1088; x_wconf 84' lang='lat' dir='ltr'>ad</span> <span class='ocrx_word' id='word_1_119' title='bbox 281 1045 503 1087; x_wconf 85' lang='lat' dir='ltr'>universos</span> <span class='ocrx_word' id='word_1_120' title='bbox 554 1059 746 1099; x_wconf 89' lang='lat' dir='ltr'>quaeque</span> <span class='ocrx_word' id='word_1_121' title='bbox 791 1045 844 1086; x_wconf 90' lang='lat' dir='ltr'>ad</span> <span class='ocrx_word' id='word_1_122' title='bbox 888 1059 978 1086; x_wconf 90' lang='lat' dir='ltr'>rem</span> <span class='ocrx_word' id='word_1_123' title='bbox 1027 1045 1244 1099; x_wconf 85' lang='lat' dir='ltr'>publicam</span> <span class='ocrx_word' id='word_1_124' title='bbox 1292 1045 1522 1099; x_wconf 84' lang='lat' dir='ltr'>pertinent,</span> 
     </span>
     <span class='ocr_line' id='line_1_21' title="bbox 186 1102 1520 1159; baseline -0.001 -14"><span class='ocrx_word' id='word_1_125' title='bbox 186 1103 491 1159; x_wconf 86' lang='lat' dir='ltr'>disputandum</span> <span class='ocrx_word' id='word_1_126' title='bbox 523 1106 599 1145; x_wconf 88' lang='lat' dir='ltr'>est.</span> <span class='ocrx_word' id='word_1_127' title='bbox 648 1103 810 1145; x_wconf 89' lang='lat' dir='ltr'>Eorum</span> <span class='ocrx_word' id='word_1_128' title='bbox 843 1106 986 1144; x_wconf 89' lang='lat' dir='ltr'>autem</span> <span class='ocrx_word' id='word_1_129' title='bbox 1016 1102 1209 1158; x_wconf 88' lang='lat' dir='ltr'>ipsorum</span> <span class='ocrx_word' id='word_1_130' title='bbox 1240 1103 1400 1158; x_wconf 89' lang='lat' dir='ltr'>partim</span> <span class='ocrx_word' id='word_1_131' title='bbox 1432 1103 1520 1145; x_wconf 89' lang='lat' dir='ltr'>eius</span> 
     </span>
     <span class='ocr_line' id='line_1_22' title="bbox 185 1162 1522 1217; baseline -0.001 -13"><span class='ocrx_word' id='word_1_132' title='bbox 185 1163 300 1204; x_wconf 89' lang='lat' dir='ltr'>modi</span> <span class='ocrx_word' id='word_1_133' title='bbox 332 1166 449 1215; x_wconf 88' lang='lat' dir='ltr'>sunt,</span> <span class='ocrx_word' id='word_1_134' title='bbox 486 1165 535 1203; x_wconf 90' lang='lat' dir='ltr'>ut</span> <span class='ocrx_word' id='word_1_135' title='bbox 566 1162 619 1203; x_wconf 90' lang='lat' dir='ltr'>ad</span> <span class='ocrx_word' id='word_1_136' title='bbox 650 1162 871 1203; x_wconf 86' lang='lat' dir='ltr'>universos</span> <span class='ocrx_word' id='word_1_137' title='bbox 904 1162 1016 1203; x_wconf 86' lang='lat' dir='ltr'>cives</span> <span class='ocrx_word' id='word_1_138' title='bbox 1053 1162 1315 1216; x_wconf 84' lang='lat' dir='ltr'>pertineant,</span> <span class='ocrx_word' id='word_1_139' title='bbox 1350 1162 1522 1217; x_wconf 87' lang='lat' dir='ltr'>partim,</span> 
     </span>
     <span class='ocr_line' id='line_1_23' title="bbox 186 1220 1521 1276; baseline -0.001 -13"><span class='ocrx_word' id='word_1_140' title='bbox 186 1222 380 1276; x_wconf 82' lang='lat' dir='ltr'>singulos</span> <span class='ocrx_word' id='word_1_141' title='bbox 400 1224 448 1262; x_wconf 81' lang='lat' dir='ltr'>ut</span> <span class='ocrx_word' id='word_1_142' title='bbox 468 1220 708 1276; x_wconf 81' lang='lat' dir='ltr'>attingant3</span> <span class='ocrx_word' id='word_1_143' title='bbox 733 1235 840 1275; x_wconf 91' lang='lat' dir='ltr'>quae</span> <span class='ocrx_word' id='word_1_144' title='bbox 861 1223 960 1262; x_wconf 90' lang='lat' dir='ltr'>sunt</span> <span class='ocrx_word' id='word_1_145' title='bbox 981 1221 1111 1262; x_wconf 89' lang='lat' dir='ltr'>etiam</span> <span class='ocrx_word' id='word_1_146' title='bbox 1132 1221 1335 1276; x_wconf 82' lang='lat' dir='ltr'>gratiora.</span> <span class='ocrx_word' id='word_1_147' title='bbox 1369 1220 1521 1262; x_wconf 87' lang='lat' dir='ltr'>Danda</span> 
     </span>
    </p>
   </div>
   <div class='ocr_carea' id='block_1_6' title="bbox 186 1278 1640 1335">
    <p class='ocr_par' dir='ltr' id='par_1_7' title="bbox 186 1278 1640 1335">
     <span class='ocr_line' id='line_1_24' title="bbox 186 1278 1640 1335; baseline 0 -14"><span class='ocrx_word' id='word_1_148' title='bbox 186 1295 317 1335; x_wconf 88' lang='lat' dir='ltr'>opera</span> <span class='ocrx_word' id='word_1_149' title='bbox 348 1282 414 1321; x_wconf 89' lang='lat' dir='ltr'>est</span> <span class='ocrx_word' id='word_1_150' title='bbox 446 1279 637 1329; x_wconf 90' lang='lat' dir='ltr'>omnino,</span> <span class='ocrx_word' id='word_1_151' title='bbox 668 1278 705 1320; x_wconf 92' lang='lat' dir='ltr'>si</span> <span class='ocrx_word' id='word_1_152' title='bbox 736 1279 891 1333; x_wconf 86' lang='lat' dir='ltr'>possit,</span> <span class='ocrx_word' id='word_1_153' title='bbox 922 1279 1133 1334; x_wconf 90' lang='lat' dir='ltr'>utrisque,</span> <span class='ocrx_word' id='word_1_154' title='bbox 1169 1294 1247 1321; x_wconf 89' lang='lat' dir='ltr'>nec</span> <span class='ocrx_word' id='word_1_155' title='bbox 1278 1279 1436 1334; x_wconf 90' lang='lat' dir='ltr'>minus,</span> <span class='ocrx_word' id='word_1_156' title='bbox 1473 1283 1522 1321; x_wconf 89' lang='lat' dir='ltr'>ut</span> <span class='ocrx_word' id='word_1_157' title='bbox 1541 1292 1573 1317; x_wconf 70' lang='lat'>20</span> <span class='ocrx_word' id='word_1_158' title='bbox 1637 1293 1640 1312; x_wconf 40' lang='grc' dir='ltr'>ν’</span> 
     </span>
    </p>
   </div>
   <div class='ocr_carea' id='block_1_7' title="bbox 185 1337 1633 1863">
    <p class='ocr_par' dir='ltr' id='par_1_8' title="bbox 185 1337 1633 1863">
     <span class='ocr_line' id='line_1_25' title="bbox 186 1337 1522 1394; baseline -0.001 -14"><span class='ocrx_word' id='word_1_159' title='bbox 186 1339 316 1380; x_wconf 90' lang='lat' dir='ltr'>etiam</span> <span class='ocrx_word' id='word_1_160' title='bbox 343 1338 524 1394; x_wconf 85' lang='lat' dir='ltr'>singulis</span> <span class='ocrx_word' id='word_1_161' title='bbox 552 1338 812 1392; x_wconf 83' lang='lat' dir='ltr'>consulatur,</span> <span class='ocrx_word' id='word_1_162' title='bbox 838 1337 910 1379; x_wconf 89' lang='lat' dir='ltr'>sed</span> <span class='ocrx_word' id='word_1_163' title='bbox 936 1339 1010 1391; x_wconf 84' lang='lat' dir='ltr'>ita,</span> <span class='ocrx_word' id='word_1_164' title='bbox 1041 1340 1090 1379; x_wconf 89' lang='lat' dir='ltr'>ut</span> <span class='ocrx_word' id='word_1_165' title='bbox 1115 1352 1165 1379; x_wconf 88' lang='lat' dir='ltr'>ea</span> <span class='ocrx_word' id='word_1_166' title='bbox 1191 1352 1258 1379; x_wconf 90' lang='lat' dir='ltr'>res</span> <span class='ocrx_word' id='word_1_167' title='bbox 1285 1341 1360 1379; x_wconf 91' lang='lat' dir='ltr'>aut</span> <span class='ocrx_word' id='word_1_168' title='bbox 1384 1338 1522 1393; x_wconf 79' lang='lat' dir='ltr'>prosit</span> 
     </span>
     <span class='ocr_line' id='line_1_26' title="bbox 187 1395 1521 1451; baseline -0.001 -12"><span class='ocrx_word' id='word_1_169' title='bbox 187 1400 261 1440; x_wconf 91' lang='lat' dir='ltr'>aut</span> <span class='ocrx_word' id='word_1_170' title='bbox 298 1399 411 1439; x_wconf 80' lang='lat' dir='ltr'>certe</span> <span class='ocrx_word' id='word_1_171' title='bbox 448 1411 501 1438; x_wconf 92' lang='lat' dir='ltr'>ne</span> <span class='ocrx_word' id='word_1_172' title='bbox 538 1396 654 1438; x_wconf 87' lang='lat' dir='ltr'>obsit</span> <span class='ocrx_word' id='word_1_173' title='bbox 685 1396 747 1437; x_wconf 91' lang='lat' dir='ltr'>rei</span> <span class='ocrx_word' id='word_1_174' title='bbox 776 1396 984 1451; x_wconf 87' lang='lat' dir='ltr'>publicae.</span> <span class='ocrx_word' id='word_1_175' title='bbox 1046 1395 1091 1438; x_wconf 80' lang='lat' dir='ltr'>O.</span> <span class='ocrx_word' id='word_1_176' title='bbox 1124 1395 1306 1438; x_wconf 85' lang='lat' dir='ltr'>Gracchi</span> <span class='ocrx_word' id='word_1_177' title='bbox 1337 1396 1521 1438; x_wconf 86' lang='lat' dir='ltr'>frumen-</span> 
     </span>
     <span class='ocr_line' id='line_1_27' title="bbox 186 1455 1522 1511; baseline -0.001 -13"><span class='ocrx_word' id='word_1_178' title='bbox 186 1456 298 1498; x_wconf 85' lang='lat' dir='ltr'>taria</span> <span class='ocrx_word' id='word_1_179' title='bbox 340 1469 500 1511; x_wconf 79' lang='lat' dir='ltr'>magna</span> <span class='ocrx_word' id='word_1_180' title='bbox 542 1455 737 1511; x_wconf 83' lang='lat' dir='ltr'>largitio3</span> <span class='ocrx_word' id='word_1_181' title='bbox 787 1455 1066 1496; x_wconf 84' lang='lat' dir='ltr'>exhauriebat</span> <span class='ocrx_word' id='word_1_182' title='bbox 1115 1455 1249 1510; x_wconf 82' lang='lat' dir='ltr'>igitur</span> <span class='ocrx_word' id='word_1_183' title='bbox 1293 1456 1522 1510; x_wconf 84' lang='lat' dir='ltr'>aerarium3</span> 
     </span>
     <span class='ocr_line' id='line_1_28' title="bbox 186 1513 1633 1569; baseline -0.001 -12"><span class='ocrx_word' id='word_1_184' title='bbox 186 1515 353 1557; x_wconf 87' lang='lat' dir='ltr'>modica</span> <span class='ocrx_word' id='word_1_185' title='bbox 382 1514 438 1556; x_wconf 89' lang='lat' dir='ltr'>M.</span> <span class='ocrx_word' id='word_1_186' title='bbox 471 1513 623 1556; x_wconf 87' lang='lat' dir='ltr'>Octavi</span> <span class='ocrx_word' id='word_1_187' title='bbox 663 1516 706 1555; x_wconf 91' lang='lat' dir='ltr'>et</span> <span class='ocrx_word' id='word_1_188' title='bbox 742 1513 804 1554; x_wconf 90' lang='lat' dir='ltr'>rei</span> <span class='ocrx_word' id='word_1_189' title='bbox 834 1513 1030 1568; x_wconf 87' lang='lat' dir='ltr'>publicae</span> <span class='ocrx_word' id='word_1_190' title='bbox 1062 1514 1301 1555; x_wconf 90' lang='lat' dir='ltr'>tolerabilis</span> <span class='ocrx_word' id='word_1_191' title='bbox 1334 1517 1377 1556; x_wconf 85' lang='lat' dir='ltr'>et</span> <span class='ocrx_word' id='word_1_192' title='bbox 1404 1515 1521 1569; x_wconf 86' lang='lat' dir='ltr'>plebi</span> <span class='ocrx_word' id='word_1_193' title='bbox 1632 1555 1633 1562; x_wconf 62' lang='grc'>,</span> 
     </span>
     <span class='ocr_line' id='line_1_29' title="bbox 185 1572 1632 1628; baseline -0.001 -12"><span class='ocrx_word' id='word_1_194' title='bbox 185 1573 444 1627; x_wconf 81' lang='lat' dir='ltr'>necessaria3</span> <span class='ocrx_word' id='word_1_195' title='bbox 483 1586 585 1628; x_wconf 84' lang='lat' dir='ltr'>ergo</span> <span class='ocrx_word' id='word_1_196' title='bbox 624 1574 667 1614; x_wconf 92' lang='lat' dir='ltr'>et</span> <span class='ocrx_word' id='word_1_197' title='bbox 704 1572 868 1614; x_wconf 88' lang='lat' dir='ltr'>civibus</span> <span class='ocrx_word' id='word_1_198' title='bbox 906 1575 949 1614; x_wconf 90' lang='lat' dir='ltr'>et</span> <span class='ocrx_word' id='word_1_199' title='bbox 985 1572 1047 1614; x_wconf 92' lang='lat' dir='ltr'>rei</span> <span class='ocrx_word' id='word_1_200' title='bbox 1077 1573 1274 1628; x_wconf 89' lang='lat' dir='ltr'>publicae</span> <span class='ocrx_word' id='word_1_201' title='bbox 1306 1573 1521 1615; x_wconf 88' lang='lat' dir='ltr'>salutaris.</span> <span class='ocrx_word' id='word_1_202' title='bbox 1541 1584 1575 1610; x_wconf 81' lang='lat'>25</span> <span class='ocrx_word' id='word_1_203' title='bbox 1630 1608 1632 1619; x_wconf 85' lang='lat'><em>.</em></span> 
     </span>
     <span class='ocr_line' id='line_1_30' title="bbox 187 1630 1523 1687; baseline -0.001 -13"><span class='ocrx_word' id='word_1_204' title='bbox 187 1633 238 1674; x_wconf 91' lang='lat' dir='ltr'>In</span> <span class='ocrx_word' id='word_1_205' title='bbox 269 1632 420 1687; x_wconf 89' lang='lat' dir='ltr'>primis</span> <span class='ocrx_word' id='word_1_206' title='bbox 452 1634 596 1673; x_wconf 90' lang='lat' dir='ltr'>autem</span> <span class='ocrx_word' id='word_1_207' title='bbox 627 1630 855 1673; x_wconf 90' lang='lat' dir='ltr'>videndum</span> <span class='ocrx_word' id='word_1_208' title='bbox 886 1631 968 1672; x_wconf 89' lang='lat' dir='ltr'>erit</span> <span class='ocrx_word' id='word_1_209' title='bbox 1000 1631 1051 1684; x_wconf 88' lang='lat' dir='ltr'>ei,</span> <span class='ocrx_word' id='word_1_210' title='bbox 1082 1631 1155 1685; x_wconf 91' lang='lat' dir='ltr'>qui</span> <span class='ocrx_word' id='word_1_211' title='bbox 1185 1646 1275 1673; x_wconf 87' lang='lat' dir='ltr'>rem</span> <span class='ocrx_word' id='word_1_212' title='bbox 1305 1632 1523 1687; x_wconf 87' lang='lat' dir='ltr'>publicam</span> 
     </span>
     <span class='ocr_line' id='line_1_31' title="bbox 188 1690 1522 1744; baseline -0.001 -12"><span class='ocrx_word' id='word_1_213' title='bbox 188 1690 519 1744; x_wconf 84' lang='lat' dir='ltr'>administrabit,</span> <span class='ocrx_word' id='word_1_214' title='bbox 549 1693 598 1732; x_wconf 92' lang='lat' dir='ltr'>ut</span> <span class='ocrx_word' id='word_1_215' title='bbox 624 1705 748 1731; x_wconf 91' lang='lat' dir='ltr'>suum</span> <span class='ocrx_word' id='word_1_216' title='bbox 775 1690 953 1744; x_wconf 87' lang='lat' dir='ltr'>quisque</span> <span class='ocrx_word' id='word_1_217' title='bbox 978 1692 1123 1732; x_wconf 82' lang='lat' dir='ltr'>teneat</span> <span class='ocrx_word' id='word_1_218' title='bbox 1153 1704 1290 1744; x_wconf 89' lang='lat' dir='ltr'>neque</span> <span class='ocrx_word' id='word_1_219' title='bbox 1323 1691 1372 1732; x_wconf 92' lang='lat' dir='ltr'>de</span> <span class='ocrx_word' id='word_1_220' title='bbox 1398 1691 1522 1732; x_wconf 88' lang='lat' dir='ltr'>bonis</span> 
     </span>
     <span class='ocr_line' id='line_1_32' title="bbox 187 1748 1519 1805; baseline -0.001 -14"><span class='ocrx_word' id='word_1_221' title='bbox 187 1750 454 1805; x_wconf 81' lang='lat' dir='ltr'>privatorum</span> <span class='ocrx_word' id='word_1_222' title='bbox 491 1748 661 1803; x_wconf 89' lang='lat' dir='ltr'>publice</span> <span class='ocrx_word' id='word_1_223' title='bbox 699 1748 932 1790; x_wconf 88' lang='lat' dir='ltr'>deminutio</span> <span class='ocrx_word' id='word_1_224' title='bbox 975 1749 1064 1790; x_wconf 89' lang='lat' dir='ltr'>fiat.</span> <span class='ocrx_word' id='word_1_225' title='bbox 1130 1748 1372 1790; x_wconf 85' lang='lat' dir='ltr'>Perniciose</span> <span class='ocrx_word' id='word_1_226' title='bbox 1410 1749 1519 1790; x_wconf 89' lang='lat' dir='ltr'>enim</span> 
     </span>
     <span class='ocr_line' id='line_1_33' title="bbox 187 1807 1523 1863; baseline -0.001 -13"><span class='ocrx_word' id='word_1_227' title='bbox 187 1808 425 1863; x_wconf 82' lang='lat' dir='ltr'>Philippus,</span> <span class='ocrx_word' id='word_1_228' title='bbox 462 1808 507 1848; x_wconf 91' lang='lat' dir='ltr'>in</span> <span class='ocrx_word' id='word_1_229' title='bbox 543 1808 767 1849; x_wconf 89' lang='lat' dir='ltr'>tribunatu</span> <span class='ocrx_word' id='word_1_230' title='bbox 816 1822 912 1849; x_wconf 91' lang='lat' dir='ltr'>cum</span> <span class='ocrx_word' id='word_1_231' title='bbox 948 1807 1089 1863; x_wconf 81' lang='lat' dir='ltr'>legem</span> <span class='ocrx_word' id='word_1_232' title='bbox 1126 1807 1341 1863; x_wconf 80' lang='lat' dir='ltr'>agrariam</span> <span class='ocrx_word' id='word_1_233' title='bbox 1378 1808 1523 1861; x_wconf 77' lang='lat' dir='ltr'>ferret,</span> 
     </span>
    </p>
   </div>
   <div class='ocr_carea' id='block_1_8' title="bbox 188 1866 1663 1922">
    <p class='ocr_par' dir='ltr' id='par_1_9' title="bbox 188 1866 1663 1922">
     <span class='ocr_line' id='line_1_34' title="bbox 188 1866 1663 1922; baseline -0.001 -13"><span class='ocrx_word' id='word_1_234' title='bbox 188 1882 317 1922; x_wconf 91' lang='lat' dir='ltr'>quam</span> <span class='ocrx_word' id='word_1_235' title='bbox 354 1869 500 1908; x_wconf 88' lang='lat' dir='ltr'>tamen</span> <span class='ocrx_word' id='word_1_236' title='bbox 538 1866 754 1920; x_wconf 88' lang='lat' dir='ltr'>antiquari</span> <span class='ocrx_word' id='word_1_237' title='bbox 787 1866 913 1907; x_wconf 84' lang='lat' dir='ltr'>facile</span> <span class='ocrx_word' id='word_1_238' title='bbox 944 1880 1096 1920; x_wconf 89' lang='lat' dir='ltr'>passus</span> <span class='ocrx_word' id='word_1_239' title='bbox 1129 1869 1194 1907; x_wconf 89' lang='lat' dir='ltr'>est</span> <span class='ocrx_word' id='word_1_240' title='bbox 1226 1869 1269 1907; x_wconf 86' lang='lat' dir='ltr'>et</span> <span class='ocrx_word' id='word_1_241' title='bbox 1299 1866 1343 1907; x_wconf 90' lang='grc'>111</span> <span class='ocrx_word' id='word_1_242' title='bbox 1376 1881 1424 1908; x_wconf 88' lang='lat' dir='ltr'>eo</span> <span class='ocrx_word' id='word_1_243' title='bbox 1456 1881 1523 1908; x_wconf 88' lang='lat' dir='ltr'>ve·</span> <span class='ocrx_word' id='word_1_244' title='bbox 1542 1877 1576 1904; x_wconf 78' lang='lat'>³⁰</span> <span class='ocrx_word' id='word_1_245' title='bbox 1623 1881 1624 1884; x_wconf 72' lang='grc'>’</span> <span class='ocrx_word' id='word_1_246' title='bbox 1659 1866 1663 1887; x_wconf 64' lang='lat'>‘³&#39;</span> 
     </span>
    </p>
   </div>
   <div class='ocr_carea' id='block_1_9' title="bbox 187 1924 1524 2156">
    <p class='ocr_par' dir='ltr' id='par_1_10' title="bbox 187 1924 1524 2156">
     <span class='ocr_line' id='line_1_35' title="bbox 187 1924 1522 1981; baseline 0 -14"><span class='ocrx_word' id='word_1_247' title='bbox 187 1926 409 1968; x_wconf 88' lang='lat' dir='ltr'>hementer</span> <span class='ocrx_word' id='word_1_248' title='bbox 429 1939 473 1966; x_wconf 90' lang='lat' dir='ltr'>se</span> <span class='ocrx_word' id='word_1_249' title='bbox 494 1924 761 1966; x_wconf 87' lang='lat' dir='ltr'>moderatum</span> <span class='ocrx_word' id='word_1_250' title='bbox 780 1924 989 1979; x_wconf 89' lang='lat' dir='ltr'>praebuit,</span> <span class='ocrx_word' id='word_1_251' title='bbox 1007 1949 1057 1954; x_wconf 97' lang='lat'><strong>—</strong></span> <span class='ocrx_word' id='word_1_252' title='bbox 1080 1925 1154 1966; x_wconf 90' lang='lat' dir='ltr'>sed</span> <span class='ocrx_word' id='word_1_253' title='bbox 1174 1939 1269 1966; x_wconf 89' lang='lat' dir='ltr'>cum</span> <span class='ocrx_word' id='word_1_254' title='bbox 1288 1925 1332 1966; x_wconf 89' lang='lat' dir='ltr'>in</span> <span class='ocrx_word' id='word_1_255' title='bbox 1359 1925 1522 1981; x_wconf 83' lang='lat' dir='ltr'>agendo</span> 
     </span>
     <span class='ocr_line' id='line_1_36' title="bbox 188 1983 1521 2038; baseline -0.001 -12"><span class='ocrx_word' id='word_1_256' title='bbox 188 1985 325 2026; x_wconf 88' lang='lat' dir='ltr'>multa</span> <span class='ocrx_word' id='word_1_257' title='bbox 369 1984 656 2038; x_wconf 87' lang='lat' dir='ltr'>populariter,</span> <span class='ocrx_word' id='word_1_258' title='bbox 698 1986 791 2024; x_wconf 89' lang='lat' dir='ltr'>tum</span> <span class='ocrx_word' id='word_1_259' title='bbox 834 1983 941 2024; x_wconf 91' lang='lat' dir='ltr'>illud</span> <span class='ocrx_word' id='word_1_260' title='bbox 983 1984 1115 2037; x_wconf 90' lang='lat' dir='ltr'>male,</span> <span class='ocrx_word' id='word_1_261' title='bbox 1161 1983 1277 2024; x_wconf 73' lang='lat' dir='ltr'>‘non</span> <span class='ocrx_word' id='word_1_262' title='bbox 1321 1998 1431 2025; x_wconf 88' lang='lat' dir='ltr'>esse</span> <span class='ocrx_word' id='word_1_263' title='bbox 1474 1984 1521 2025; x_wconf 85' lang='lat' dir='ltr'>in</span> 
     </span>
     <span class='ocr_line' id='line_1_37' title="bbox 187 2042 1522 2096; baseline -0.001 -12"><span class='ocrx_word' id='word_1_264' title='bbox 187 2043 402 2085; x_wconf 83' lang='lat' dir='ltr'>civitate</span> <span class='ocrx_word' id='word_1_265' title='bbox 429 2042 522 2083; x_wconf 91' lang='lat' dir='ltr'>duo</span> <span class='ocrx_word' id='word_1_266' title='bbox 550 2042 692 2083; x_wconf 82' lang='lat' dir='ltr'>milia</span> <span class='ocrx_word' id='word_1_267' title='bbox 717 2042 990 2095; x_wconf 90' lang='lat' dir='ltr'>hominum,</span> <span class='ocrx_word' id='word_1_268' title='bbox 1017 2042 1221 2096; x_wconf 87' lang='lat' dir='ltr'>quirem</span> <span class='ocrx_word' id='word_1_269' title='bbox 1246 2042 1522 2084; x_wconf 76' lang='lat' dir='ltr'>haberent.²</span> 
     </span>
     <span class='ocr_line' id='line_1_38' title="bbox 188 2100 1524 2156; baseline -0.001 -13"><span class='ocrx_word' id='word_1_270' title='bbox 188 2101 398 2156; x_wconf 81' lang='lat' dir='ltr'>Capitalis</span> <span class='ocrx_word' id='word_1_271' title='bbox 437 2101 574 2142; x_wconf 88' lang='lat' dir='ltr'>oratio</span> <span class='ocrx_word' id='word_1_272' title='bbox 613 2103 695 2154; x_wconf 90' lang='lat' dir='ltr'>est,</span> <span class='ocrx_word' id='word_1_273' title='bbox 733 2100 786 2142; x_wconf 88' lang='lat' dir='ltr'>ad</span> <span class='ocrx_word' id='word_1_274' title='bbox 824 2100 1121 2155; x_wconf 86' lang='lat' dir='ltr'>aequationem</span> <span class='ocrx_word' id='word_1_275' title='bbox 1152 2101 1363 2142; x_wconf 88' lang='lat' dir='ltr'>bonorum</span> <span class='ocrx_word' id='word_1_276' title='bbox 1394 2101 1524 2156; x_wconf 88' lang='lat' dir='ltr'>perti—</span> 
     </span>
    </p>
   </div>
   <div class='ocr_carea' id='block_1_10' title="bbox 186 2159 1659 2214">
    <p class='ocr_par' dir='ltr' id='par_1_11' title="bbox 186 2153 1659 2221">
     <span class='ocr_line' id='line_1_39' title="bbox 186 2159 1659 2214; baseline -0.003 -12"><span class='ocrx_word' id='word_1_277' title='bbox 186 2174 310 2214; x_wconf 80' lang='lat' dir='ltr'>nens3</span> <span class='ocrx_word' id='word_1_278' title='bbox 343 2174 426 2214; x_wconf 89' lang='lat' dir='ltr'>qua</span> <span class='ocrx_word' id='word_1_279' title='bbox 457 2162 576 2214; x_wconf 88' lang='lat' dir='ltr'>peste</span> <span class='ocrx_word' id='word_1_280' title='bbox 609 2174 716 2213; x_wconf 87' lang='lat' dir='ltr'>quae</span> <span class='ocrx_word' id='word_1_281' title='bbox 748 2161 892 2214; x_wconf 90' lang='lat' dir='ltr'>potest</span> <span class='ocrx_word' id='word_1_282' title='bbox 924 2173 1015 2200; x_wconf 86' lang='lat' dir='ltr'>esse</span> <span class='ocrx_word' id='word_1_283' title='bbox 1041 2159 1206 2201; x_wconf 75' lang='lat' dir='ltr'>maior?</span> <span class='ocrx_word' id='word_1_284' title='bbox 1256 2159 1379 2201; x_wconf 84' lang='lat' dir='ltr'>Hane</span> <span class='ocrx_word' id='word_1_285' title='bbox 1412 2160 1524 2201; x_wconf 85' lang='lat' dir='ltr'>enim</span> <span class='ocrx_word' id='word_1_286' title='bbox 1544 2172 1576 2197; x_wconf 79' lang='lat'>35</span> <span class='ocrx_word' id='word_1_287' title='bbox 1616 2159 1659 2183; x_wconf 75' lang='lat'>³³</span> 
     </span>
    </p>
   </div>
   <div class='ocr_carea' id='block_1_11' title="bbox 187 2218 1525 2332">
    <p class='ocr_par' dir='ltr' id='par_1_12' title="bbox 187 2218 1525 2332">
     <span class='ocr_line' id='line_1_40' title="bbox 189 2218 1525 2273; baseline -0.001 -12"><span class='ocrx_word' id='word_1_288' title='bbox 189 2219 243 2261; x_wconf 91' lang='lat' dir='ltr'>ob</span> <span class='ocrx_word' id='word_1_289' title='bbox 276 2232 448 2260; x_wconf 88' lang='lat' dir='ltr'>causam</span> <span class='ocrx_word' id='word_1_290' title='bbox 479 2232 693 2271; x_wconf 82' lang='lat' dir='ltr'>maxume,</span> <span class='ocrx_word' id='word_1_291' title='bbox 731 2220 780 2258; x_wconf 90' lang='lat' dir='ltr'>ut</span> <span class='ocrx_word' id='word_1_292' title='bbox 811 2232 888 2259; x_wconf 89' lang='lat' dir='ltr'>sua</span> <span class='ocrx_word' id='word_1_293' title='bbox 919 2220 1184 2272; x_wconf 90' lang='lat' dir='ltr'>tenerentur,</span> <span class='ocrx_word' id='word_1_294' title='bbox 1222 2232 1289 2259; x_wconf 88' lang='lat' dir='ltr'>res</span> <span class='ocrx_word' id='word_1_295' title='bbox 1327 2218 1525 2273; x_wconf 89' lang='lat' dir='ltr'>publicae</span> 
     </span>
     <span class='ocr_line' id='line_1_41' title="bbox 187 2276 1525 2332; baseline -0.003 -12"><span class='ocrx_word' id='word_1_296' title='bbox 187 2277 468 2332; x_wconf 78' lang='lat' dir='ltr'>civitatesque</span> <span class='ocrx_word' id='word_1_297' title='bbox 499 2276 760 2318; x_wconf 87' lang='lat' dir='ltr'>constitutae</span> <span class='ocrx_word' id='word_1_298' title='bbox 793 2279 903 2317; x_wconf 87' lang='lat' dir='ltr'>sunt.</span> <span class='ocrx_word' id='word_1_299' title='bbox 963 2276 1089 2328; x_wconf 79' lang='lat' dir='ltr'>Nam,</span> <span class='ocrx_word' id='word_1_300' title='bbox 1122 2276 1204 2318; x_wconf 90' lang='lat' dir='ltr'>etsi</span> <span class='ocrx_word' id='word_1_301' title='bbox 1236 2277 1339 2319; x_wconf 87' lang='lat' dir='ltr'>duce</span> <span class='ocrx_word' id='word_1_302' title='bbox 1370 2280 1525 2319; x_wconf 81' lang='lat' dir='ltr'>natura</span> 
     </span>
    </p>
   </div>
   <div class='ocr_carea' id='block_1_12' title="bbox 1595 0 1663 2490">
    <p class='ocr_par' dir='ltr' id='par_1_13' title="bbox 1595 0 1663 2490">
     <span class='ocr_line' id='line_1_42' title="bbox 1595 0 1663 2490; baseline 0 0"><span class='ocrx_word' id='word_1_303' title='bbox 1595 0 1663 2490; x_wconf 95' lang='lat' dir='ltr'> </span> 
     </span>
    </p>
   </div>
  </div>
 </body>
</html>
