1663 2490
117 848 159 877 54

120 1551 162 1581 55

187 88 270 127 154
501 86 623 120 CATO
648 85 806 120 MAIOR
830 85 894 120 DE
920 84 1199 120 SENECTUTE

185 197 228 235 et
253 194 366 249 apud
389 208 468 235 nos
495 196 538 234 et
562 193 607 234 in
636 193 732 234 aliis
764 192 1024 247 civitatibus,
1055 195 1104 234 ut
1136 207 1327 247 quaeque
1359 206 1521 247 opmme

184 255 353 294 morata
373 255 450 307 est,
474 252 538 293 ita
561 250 890 306 diligentissime
917 250 1212 292 observantur.
1254 250 1521 305 Lysandrum

183 310 585 363 Lacedaemonium,
625 309 743 351 cuius
781 309 907 350 modo
944 308 1025 350 feci
1063 309 1340 363 mentionem,
1385 309 1521 351 dicere

185 370 305 411 aiunt
343 369 518 410 solitum
550 367 912 409 Lacedaemonem
944 381 1036 408 esse
1069 367 1421 409 honestissimum
1453 367 1522 409 do-

185 428 392 469 micilium
430 426 679 479 senectutis;
717 440 929 480 nusquam
967 425 1079 466 enim
1116 428 1285 467 tantum
1316 426 1522 467 tribuitur
1559 439 1574 463 ε

186 486 333 540 aetati,
362 499 575 539 nusquam
607 487 673 525 est
705 488 899 526 senectus
930 483 1194 525 honoratior.
1249 484 1360 533 Quin
1392 485 1522 526 etiam

185 544 416 586 memoriae
447 543 665 598 proditum
698 546 774 597 est,
806 557 901 584 cum
928 543 1111 583 Athenis
1143 542 1254 584 ludis
1281 543 1452 597 quidam
1479 543 1524 583 in

185 603 404 644 theatrum
425 601 599 657 grandis
621 603 727 642 natu
746 601 946 654 venisset,
971 615 1128 656 magno
1155 615 1357 643 consessu
1381 602 1523 643 locum

183 675 395 715 nusquam
423 660 461 701 ei
487 660 634 701 datum
661 675 686 700 a
711 659 798 701 suis
825 660 1006 713 civibus,
1032 674 1127 701 cum
1153 662 1296 701 autem
1323 660 1376 701 ad
1397 660 1524 702 Lace-

186 719 432 761 daemonios
466 718 726 772 accessisset,
760 718 831 772 qui
862 718 997 772 legati
1023 732 1119 759 cum
1145 720 1300 772 essent,
1330 721 1446 760 certo
1478 719 1525 759 in

186 779 279 820 Ioco
312 777 603 830 consederant,
635 776 950 818 consurrexisse
983 790 1129 818 omnes
1161 776 1228 817 illi
1253 777 1450 818 dicuntur
1482 780 1525 818 et

187 851 330 878 senem
362 850 527 877 sessum
566 835 787 890 recepisse.
850 834 1012 883 Quibus
1050 850 1146 876 cum
1179 850 1203 876 a
1240 838 1392 877 cuncto
1430 850 1525 877 con-

187 909 306 936 sessu
350 895 525 949 plausus
571 896 685 935 esset
727 893 953 948 multiplex
998 893 1140 947 datus,
1184 893 1340 935 dixisse
1385 909 1435 936 ex
1471 894 1523 935 iis

186 953 397 1008 quendam
423 952 708 994 Athenienses
737 953 855 1006 scire,
888 966 995 1006 quae
1026 955 1144 993 recta
1175 955 1329 1006 essent,
1362 952 1434 994 sed
1465 952 1525 994 fa-

186 1026 279 1054 cere
316 1012 444 1053 nolle.
504 1011 644 1052 Multa
680 1011 725 1052 in
761 1013 905 1052 vestro
950 1011 1132 1066 collegio
1170 1012 1408 1065 praeclara,
1453 1011 1525 1052 sed

185 1071 278 1124 hoc,
305 1071 354 1112 de
381 1085 464 1125 quo
491 1070 672 1125 agimus,
696 1070 741 1110 in
766 1069 930 1124 primis,
956 1069 1080 1124 quod,
1106 1072 1154 1110 ut
1179 1070 1357 1124 quisque
1384 1072 1524 1111 aetate

187 1129 411 1182 antecedit,
431 1129 494 1170 ita
515 1128 751 1169 sententiae
770 1128 1058 1182 principatum
1078 1130 1208 1182 tenet,
1227 1143 1364 1182 neque
1385 1129 1525 1169 solum

185 1188 348 1229 honore
381 1187 742 1240 antecedentibus,
774 1186 847 1227 sed
872 1187 924 1227 iis
953 1187 1094 1240 etiam,
1126 1187 1198 1240 qui
1224 1202 1320 1229 cum
1345 1187 1524 1242 imperio

188 1249 299 1300 sunt,
332 1246 515 1287 maiores
547 1248 653 1287 natu
685 1259 867 1300 augures
898 1248 1226 1299 anteponuntur.
1276 1245 1392 1293 Quae
1425 1248 1526 1286 sunt

186 1305 322 1360 igitur
358 1305 605 1358 voluptates
650 1304 841 1358 corporis
880 1318 975 1344 cum
1014 1304 1284 1345 auctoritatis
1323 1304 1525 1358 praemiis

187 1363 528 1419 comparandae?
570 1362 723 1416 quibus
757 1362 830 1416 qui
861 1362 1079 1416 splendide
1111 1362 1178 1403 usi
1210 1365 1326 1416 sunt,
1356 1362 1388 1403 ii
1420 1363 1525 1404 mihi

187 1422 386 1464 videntur
416 1421 609 1463 fabulam
648 1420 804 1462 aetatis
841 1420 1058 1476 peregisse
1094 1435 1171 1462 nec
1207 1424 1428 1475 tamquam
1465 1422 1526 1462 in-

189 1480 409 1522 exercitati
441 1480 673 1529 histriones
704 1479 751 1520 in
783 1481 972 1520 extremo
1006 1481 1103 1520 actu
1135 1479 1356 1521 corruisse.

277 1538 337 1580 At
375 1541 474 1580 sunt
510 1538 671 1580 morosi
709 1540 751 1579 et
790 1537 905 1579 anxii
942 1540 985 1578 et
1022 1538 1212 1580 iracundi
1251 1541 1293 1579 et
1331 1537 1524 1580 difficiles

188 1612 320 1639 senes.
384 1596 428 1638 Si
465 1598 727 1651 quaerimus,
764 1596 894 1638 etiam
933 1597 1069 1650 avari,
1108 1597 1181 1638 sed
1217 1597 1322 1638 haec
1358 1612 1525 1638 morum

187 1656 294 1698 vitia
321 1659 431 1710 sunt,
462 1670 549 1697 non
575 1655 818 1697 senectutis.
867 1655 931 1697 Ac
962 1655 1192 1697 morositas
1224 1658 1369 1697 tamen
1401 1661 1444 1697 et
1476 1670 1526 1697 ea

187 1715 306 1768 vitia,
339 1729 446 1769 quae
479 1714 576 1769 dixi,
607 1714 769 1756 habent
800 1713 962 1768 aliquid
988 1714 1272 1756 excusationis
1297 1729 1384 1756 non
1407 1714 1523 1755 illius

189 1774 360 1828 quidem
391 1773 542 1827 iustae,
575 1773 648 1814 sed
680 1787 788 1827 quae
819 1772 996 1827 probari
1027 1787 1152 1827 posse
1183 1773 1396 1826 videatur3
1431 1787 1525 1814 con-

188 1832 323 1873 temni
356 1846 399 1873 se
431 1834 604 1886 putant,
642 1830 817 1886 despici,
854 1830 1007 1885 inludi,
1047 1834 1270 1886 praeterea
1305 1831 1349 1872 in
1379 1830 1526 1887 fragili

189 1905 366 1945 corpore
393 1891 540 1932 odiosa
566 1890 704 1931 omnis
731 1889 908 1931 offensio
942 1893 1016 1930 est.
1067 1889 1183 1937 Quae
1208 1892 1354 1931 tamen
1382 1890 1526 1931 omnia

189 1950 379 1990 dulciora
409 1949 519 1990 fiunt
550 1951 593 1990 et
624 1948 814 1989 moribus
846 1948 969 1989 bonis
997 1950 1039 1989 et
1065 1949 1241 2002 artibus,
1273 1949 1398 2002 idque
1431 1963 1526 1990 cum

188 2008 233 2049 in
264 2008 365 2061 vita,
397 2010 489 2048 tum
515 2008 560 2048 in
586 2022 738 2049 scaena
762 2007 959 2061 intellegi
984 2009 1128 2061 potest
1154 2021 1204 2048 ex
1228 2007 1281 2048 iis
1307 2007 1527 2064 fratribus,

190 2066 264 2120 qui
300 2066 344 2106 in
382 2065 591 2120 Adelphis
631 2068 741 2107 sunt.
802 2064 972 2113 Quanta
1009 2065 1052 2106 in
1090 2066 1226 2107 altero
1271 2065 1440 2119 diritas,
1482 2066 1527 2107 in

191 2125 326 2166 altero
359 2125 556 2166 comitas!
608 2123 676 2166 Sic
709 2138 753 2166 se
784 2138 852 2165 res
883 2124 1032 2165 habet:
1064 2126 1112 2165 ut
1143 2124 1255 2166 enim
1286 2139 1374 2165 non
1402 2139 1526 2166 omne

189 2184 347 2237 vinum,
380 2183 440 2224 sic
470 2197 556 2224 non
588 2183 726 2224 omnis
757 2185 913 2224 natura
943 2185 1158 2224 vetustate
1190 2183 1408 2224 coacescit.
1458 2181 1527 2224 Se-

194 2242 417 2284 veritatem
459 2241 504 2282 in
547 2244 764 2283 senectute
807 2241 960 2296 probo,
1005 2241 1078 2282 sed
1122 2256 1233 2295 eam,
1277 2241 1387 2283 sicut
1431 2242 1527 2296 alia,

126 2312 168 2343 66
195 2300 419 2355 modicam,
451 2300 731 2342 acerbitatem
762 2300 882 2341 nullo
914 2299 1051 2341 modo.
1107 2299 1305 2342 Avaritia
1335 2314 1435 2342 vero
1468 2315 1529 2341 se-

1545 732 1576 756 10

1546 1024 1578 1048 15

1545 1317 1579 1342 20

1545 1610 1578 1635 25

1545 1903 1577 1927 30

1546 2193 1623 2220 ³5=
