1663 2490
127 606 171 638 83

126 1193 170 1225 84

200 78 255 118 86
721 77 783 111 DE
811 76 1009 112 OFFICHS

199 185 326 240 cipes,
351 199 446 227 cum
474 184 626 239 quibus
653 197 802 226 causas
829 185 1031 240 cognovit
1056 187 1099 227 et
1119 200 1277 239 eorum,
1302 186 1373 240 qui
1394 186 1534 227 aliena

199 244 422 298 tenebant,
465 246 508 284 et
545 258 709 296 eorum,
753 243 825 297 qui
863 257 940 284 sua
977 244 1229 298 amiserant,
1272 243 1534 298 perfecitque

200 302 489 344 aestumandis
527 301 888 356 possessionibus,
930 304 979 343 ut
1015 303 1290 357 persuaderet
1329 303 1442 357 aliis,
1486 306 1534 344 ut

198 361 420 416 pecuniam
464 360 652 414 accipere
695 360 892 414 mallent,
941 361 1283 414 possessionibus
1327 361 1533 415 cederent,

199 420 307 473 aliis,
333 423 381 461 ut
407 418 670 461 commodius
696 421 899 473 putarent
923 421 1138 461 numerari
1164 420 1258 473 sibi,
1285 420 1396 474 quod
1422 420 1535 461 tanti

199 481 330 532 esset,
369 493 497 532 quam
530 491 652 518 suum
684 491 944 531 recuperare.
1005 477 1073 520 Ita
1103 478 1340 533 perfectum
1372 481 1455 532 est,
1486 481 1534 520 ut

199 552 345 578 omnes
379 536 604 578 concordia
634 536 872 577 constituta
906 537 995 578 sine
1035 537 1225 591 querella
1259 537 1534 579 discederent.

200 596 233 637 O
258 596 398 637 virum
425 609 629 650 magnum
656 594 928 649 dignumque,
955 595 1027 649 qui
1051 597 1095 637 in
1121 610 1165 637 re
1191 596 1364 650 publica
1384 599 1535 638 nostra

197 657 326 695 natus
359 630 622 695 essess1⁸³Sic
654 668 732 708 par
764 657 830 694 est
861 668 987 708 agere
1020 668 1115 695 011111
1147 654 1327 706 civibus,
1357 669 1455 708 non,
1485 657 1534 696 ut

197 714 264 754 bis
289 713 375 754 iam
401 713 596 764 vidimus,
621 711 829 753 hastam
818 727 863 753 111
887 712 980 753 foro
1007 727 1162 767 ponere
1183 716 1226 754 et
1246 688 1358 754 boria
1377 688 1531 754 civium

198 772 290 814 voci
323 771 514 812 subicere
539 771 771 825 praeconis.
819 770 880 811 At
905 771 978 812 ille
1005 770 1204 825 Graecus,
1234 771 1277 812 id
1309 772 1421 826 quod
1451 771 1534 813 fuit

199 830 404 885 sapientis
432 833 474 871 et
501 829 762 885 praestantis
788 829 881 883 viri,
913 830 1109 871 omnibus
1129 830 1440 872 consulendum
1461 846 1534 885 pu-

197 890 325 939 tavit,
365 903 496 943 eaque
529 891 594 929 est
627 903 794 930 summa
824 888 935 930 ratio
968 892 1011 930 et
1043 889 1254 944 sapientia
1284 889 1386 930 boni
1418 889 1534 943 civis,

198 948 420 990 commoda
451 947 606 989 civium
636 961 722 988 non
754 947 955 989 divellere
987 950 1115 1002 atque
1147 948 1285 989 omnis
1318 948 1534 1002 aequitate

198 1007 344 1048 eadem
388 1006 615 1049 continere.
682 1005 891 1048 Habitent
935 1007 1071 1061 gratis
1114 1007 1159 1047 in
1203 1007 1353 1048 alieno.
1424 1006 1533 1055 Quid

197 1066 288 1107 ita?
314 1068 373 1116 ut,
399 1080 493 1107 cum
515 1079 594 1120 ego
616 1065 803 1118 emerim,
823 1065 1093 1119 aedificarim,
1118 1068 1252 1120 tuear,
1276 1065 1534 1120 impendam,

197 1128 245 1166 tu
283 1139 349 1165 me
389 1124 524 1165 invito
563 1123 706 1165 fruare
745 1124 869 1165 1110οἱρ
932 1123 1040 1171 Quid
1079 1127 1144 1166 est
1180 1124 1296 1166 aliud
1329 1125 1423 1165 aliis
1457 1139 1535 1165 sua

197 1184 377 1238 eripere,
411 1183 508 1224 aliis
542 1183 641 1224 dare
673 1183 845 1224 aliena?
908 1182 1099 1224 Tabulae
1130 1198 1230 1224 vero
1263 1198 1399 1224 novae
1433 1183 1534 1237 quid

196 1242 356 1284 habent
388 1241 643 1297 argumenti,
674 1242 756 1282 nisi
787 1244 836 1283 ut
867 1256 983 1283 emas
1015 1257 1110 1283 mea
1140 1242 1319 1296 pecunia
1343 1241 1533 1296 fundum,

126 1301 182 1342 24
198 1316 292 1342 eum
325 1303 373 1342 tu
403 1301 582 1354 habeas,
621 1313 700 1355 ego
737 1315 823 1341 non
859 1300 1042 1342 habeam
1080 1301 1332 1355 pecuniam?
1395 1299 1531 1348 Quam

124 2311 167 2343 85

197 1360 251 1402 ob
283 1375 376 1401 rem
406 1374 459 1400 ne
492 1359 548 1401 sit
580 1373 650 1400 aes
683 1358 880 1411 alienum,
913 1359 1026 1414 quod
1057 1359 1118 1400 rei
1149 1359 1345 1414 publicae
1370 1362 1533 1412 noceat,

195 1418 503 1474 providendum
530 1421 606 1472 est,
633 1417 745 1472 quod
772 1418 919 1459 multis
945 1418 1185 1459 rationibus
1212 1418 1353 1459 caveri
1377 1420 1533 1472 potest,

194 1492 298 1531 non,
331 1477 367 1518 si
397 1477 544 1530 fuerit,
581 1479 630 1517 ut
662 1476 897 1531 locupletes
930 1491 1053 1518 suum
1085 1477 1284 1532 perdant,
1318 1476 1532 1518 debitores

195 1537 413 1578 lucrentur
440 1536 644 1588 alienum,
675 1549 751 1576 nec
778 1535 889 1576 enim
914 1536 1005 1577 ulla
1029 1550 1096 1577 res
1123 1535 1416 1577 vehementius
1441 1550 1531 1577 rem

194 1595 412 1651 publicam
444 1595 635 1636 continet
667 1608 794 1648 quam
826 1594 942 1647 fides,
974 1609 1082 1648 quae
1114 1609 1205 1636 esse
1231 1595 1351 1636 nulla
1374 1597 1532 1649 potest,

194 1654 278 1696 nisi
311 1654 392 1695 erit
422 1653 662 1695 necessaria
694 1652 851 1695 solutio
890 1668 1032 1695 rerum
1071 1654 1340 1696 creditarum.
1401 1652 1532 1695 Num-

196 1728 324 1768 quam
360 1712 655 1754 vehementius
694 1714 837 1753 actum
875 1715 941 1754 est
978 1727 1105 1766 quam
1144 1727 1211 1753 me
1248 1713 1438 1766 consule,
1478 1726 1531 1753 ne

196 1773 450 1825 solveretur3
483 1771 612 1813 armis
645 1772 688 1812 et
720 1771 872 1812 castris
904 1774 1117 1826 temptata
1148 1785 1215 1812 res
1242 1774 1307 1812 est
1333 1771 1386 1812 ab
1417 1771 1531 1812 omni

196 1845 349 1886 genere
380 1830 601 1871 hominum
635 1832 677 1870 et
709 1829 873 1883 ordine3
906 1830 1058 1884 quibus
1091 1830 1153 1871 ita
1183 1830 1341 1883 restiti,
1372 1832 1421 1871 ut
1452 1830 1532 1872 hoc

195 1892 336 1931 totum
380 1889 541 1930 malum
585 1889 635 1929 de
678 1902 723 1928 re
766 1888 939 1943 publica
981 1889 1217 1930 tolleretur.
1285 1888 1531 1943 Numquam

194 1962 270 1989 1100
309 1948 446 1989 maius
486 1962 556 1989 aes
595 1947 781 1989 alienum
818 1948 900 1988 fuit
937 1961 1013 1989 nec
1058 1947 1208 1989 melius
1246 1962 1323 1989 1100
1361 1947 1530 1989 facilius

196 2007 452 2048 dissolutum
485 2009 568 2060 est3
605 2006 831 2047 fraudandi
868 2006 981 2047 enim
1018 2020 1092 2060 spe
1131 2006 1303 2047 sublata
1340 2006 1532 2048 solvendi

193 2065 426 2107 necessitas
473 2068 700 2106 consecuta
745 2067 822 2106 est.
888 2064 949 2105 At
992 2079 1092 2106 vero
1130 2064 1200 2106 hic
1235 2079 1347 2106 nunc
1384 2065 1532 2119 victor,

194 2127 287 2165 tum
325 2124 495 2178 quidem
532 2125 670 2165 victus
716 2138 822 2178 quae
855 2123 1086 2179 cogitarat,
1124 2138 1174 2165 ea
1204 2123 1398 2178 perfecit,
1436 2138 1531 2165 cum

195 2183 284 2224 eius
309 2182 395 2224 iam
421 2182 528 2223 nihil
555 2183 794 2224 interesset.
844 2181 984 2224 Tanta
1008 2182 1052 2223 in
1084 2196 1132 2224 eo
1166 2182 1368 2236 peccandi
1399 2182 1531 2224 libido

193 2241 293 2295 fuit,
330 2244 378 2283 ut
410 2241 490 2283 hoc
527 2241 669 2296 ipsum
707 2256 804 2283 eum
842 2241 1091 2295 delectaret,
1132 2255 1325 2295 peccare,
1363 2240 1532 2283 etiamsi

196 2315 323 2342 causa
360 2315 448 2341 non
486 2303 608 2341 esset.
670 2299 740 2341 Ab
778 2300 859 2342 hoc
898 2300 1032 2355 igitur
1076 2314 1231 2355 genere
1274 2299 1533 2355 largitionis,

1555 727 1587 750 10

1556 1019 1586 1043 15

1552 1313 1586 1337 20

1551 1606 1584 1631 25
