1663 2490
205 73 258 113 12
728 71 792 107 DE
818 71 1017 107 OFFICIIS

202 195 330 234 quam
368 194 513 236 agere,
557 179 670 234 quod
714 179 882 221 dubites
926 194 1110 235 aequum
1148 181 1205 221 sit
1243 194 1298 222 an
1333 180 1539 235 iniquum.

201 238 411 293 Aequitas
438 238 550 280 enim
570 239 684 280 lucet
703 238 799 293 ipsa
818 252 894 293 per
914 252 970 293 se,
997 238 1210 280 dubitatio
1232 238 1540 294 cogitationem

203 297 420 353 signifieat
450 297 643 338 iniuriae.

213 354 229 381 s
290 355 372 397 Sed
397 356 589 397 incidunt
616 369 741 409 saepe
767 357 975 409 tempora,
1006 370 1102 397 cum
1128 370 1189 409 ea,
1223 370 1330 410 quae
1356 356 1540 397 maxime

201 414 399 456 videntur
430 414 561 470 digna
592 428 683 455 esse
714 413 828 455 iusto
860 413 1032 455 homine
1065 428 1210 469 eoque,
1244 428 1369 468 quem
1400 415 1540 456 virum
1560 426 1576 452 5

201 473 363 514 bonum
400 473 596 526 dicimus,
633 474 953 514 commutantur
989 472 1180 527 fiuntque
1219 473 1452 528 contraria,
1492 476 1541 514 ut

201 531 375 573 reddere
414 531 673 586 depositum,
717 530 856 572 facere
899 531 1177 586 promissum3
1208 546 1411 586 vquaeque
1449 546 1541 586 per-

201 590 341 632 tinent
373 590 426 632 ad
455 589 681 631 veritatem
709 591 752 630 et
778 589 830 630 ad
855 589 994 643 fidem,
1027 604 1076 631 ea
1107 590 1294 645 migrare
1325 590 1541 631 interdum

202 651 245 690 et
274 663 361 690 non
393 662 564 689 servare
595 648 645 688 fit
669 648 841 689 iustum.
898 647 1065 689 Referri
1099 649 1212 690 enim
1245 648 1364 690 decet
1394 648 1447 690 ad
1479 663 1541 702 ea,

202 722 310 761 quae
347 707 473 761 posui
509 706 739 761 principio,
782 706 1060 748 fundamenta
1101 707 1310 761 iustitiae,
1353 707 1540 762 primum
1562 719 1593 744 10

200 768 249 807 ut
272 780 325 806 ne
351 766 418 806 cui
443 768 660 819 noceatur,
692 764 840 806 deinde
866 767 915 806 ut
940 766 1155 806 communi
1176 765 1360 806 utilitati
1385 766 1541 807 servia-

201 827 282 865 tur.
330 823 397 865 Ea
427 839 523 866 cum
555 826 748 878 tempore
774 826 1105 877 commutantur,
1138 826 1426 866 commutatur
1451 824 1541 866 offi-

131 894 173 924 32
201 883 313 924 cium
346 885 389 924 et
418 897 506 924 non
537 897 705 936 semper
736 884 802 923 est
832 882 956 923 idem.
1016 882 1168 924 Potest
1208 882 1321 924 enim
1353 882 1541 925 accidere

200 941 461 997 promissum
482 941 655 995 aliquod
676 943 718 982 et
738 942 1008 996 conventum,
1033 944 1081 982 ut
1106 941 1150 982 id
1176 941 1286 983 effici
1313 941 1371 983 sit
1389 941 1540 983 inutile

200 1001 268 1042 vel
296 1000 345 1054 ei,
372 1000 438 1042 cui
464 1001 725 1054 promissum
751 999 820 1054 sit,
850 1000 919 1041 vel
946 1000 996 1054 ei,
1022 1000 1095 1054 qui
1119 1000 1378 1055 promiserit.
1426 999 1540 1042 Nam
1562 1010 1593 1036 15
1654 1006 1659 1013 ”

201 1059 249 1113 si,
281 1062 329 1100 ut
359 1059 405 1100 in
434 1058 595 1100 fabulis
628 1062 704 1111 est,
735 1058 975 1113 Neptunus,
1008 1059 1121 1113 quod
1146 1058 1310 1100 Theseo
1336 1059 1541 1113 promise-

200 1120 286 1170 rat,
323 1132 409 1159 non
446 1117 635 1171 fecisset,
672 1117 860 1158 Theseus
899 1117 1139 1172 Hippolyto
1176 1117 1266 1159 filio
1303 1132 1391 1159 non
1427 1123 1540 1159 esset

201 1177 397 1230 orbatus,
429 1190 479 1217 ex
504 1176 644 1217 tribus
672 1176 784 1217 em'm
810 1176 985 1230 optatiS,
1015 1179 1064 1217 ut
1090 1176 1303 1230 scribitur,
1334 1176 1416 1218 hoc
1447 1179 1540 1218 erat

200 1235 395 1289 tertium,
441 1235 553 1289 quod
594 1235 644 1275 de
681 1233 911 1289 Hippolyti
953 1235 1131 1276 interitu
1173 1235 1309 1276 iratus
1354 1235 1540 1290 optavit,

201 1308 285 1348 quo
322 1294 553 1348 impetrato
591 1293 637 1334 in
674 1293 882 1334 maximos
922 1293 1060 1335 luctus
1098 1282 1288 1336 incidit.l
1320 1292 1410 1335 Nec
1444 1308 1539 1349 pro·
1560 1305 1592 1332 20

201 1353 333 1393 missa
363 1352 498 1408 igitur
530 1352 738 1393 servanda
770 1354 870 1393 sunt
902 1366 971 1406 ea,
1010 1367 1117 1405 quae
1156 1352 1243 1394 sint
1274 1352 1346 1405 iis,
1385 1352 1539 1407 quibus

199 1411 461 1466 promiseris,
492 1410 675 1464 inutilia,
705 1425 793 1464 nec,
826 1410 863 1451 si
892 1411 990 1465 plus
1017 1411 1098 1452 tibi
1124 1425 1174 1452 ea
1197 1413 1380 1453 noceant
1412 1425 1540 1466 quam

202 1470 265 1511 illi
297 1470 477 1524 prosint,
509 1470 575 1511 cui
606 1469 868 1524 promiseris,
903 1471 1053 1510 contra
1085 1469 1273 1511 officium
1305 1472 1370 1511 est
1401 1470 1538 1512 maius

199 1529 403 1583 anteponi
429 1528 602 1581 minori3
634 1530 693 1582 ut,
720 1528 755 1568 si
781 1527 1055 1570 constitueris
1081 1528 1267 1584 cuipiam
1294 1531 1338 1570 te
1363 1528 1539 1571 advoca·
1647 1576 1651 1581 ¹

199 1591 291 1629 tum
322 1587 368 1628 in
399 1602 489 1629 rem
521 1589 790 1641 praesentem
823 1601 915 1628 esse
945 1590 1172 1629 venturum
1204 1589 1333 1642 atque
1364 1587 1538 1629 interim
1559 1599 1591 1625 25
1647 1584 1663 1605 ³¹

200 1646 392 1702 graviter
423 1648 648 1701 aegrotare
679 1645 793 1686 filius
825 1645 1030 1700 coeperit,
1060 1660 1147 1687 non
1178 1645 1236 1687 sit
1267 1648 1417 1688 contra
1448 1646 1538 1688 offi-

199 1705 310 1747 cium
342 1719 428 1746 non
458 1704 610 1758 facere,
643 1704 755 1758 quod
787 1704 954 1757 dixeris,
985 1704 1208 1760 magisque
1233 1704 1319 1758 ille,
1351 1705 1418 1746 cui
1443 1719 1538 1760 pro—

199 1764 378 1805 missum
411 1763 480 1817 sit,
512 1763 565 1804 ab
599 1762 739 1805 officio
772 1762 978 1816 discedat,
1011 1763 1047 1804 si
1079 1777 1123 1804 se
1156 1763 1409 1804 destitutum
1441 1778 1538 1818 que·

198 1826 330 1864 ratur.
379 1821 472 1863 Iam
498 1822 586 1863 illis
612 1821 837 1876 promissis
863 1821 1063 1863 standum
1088 1836 1174 1863 non
1200 1836 1292 1863 esse
1325 1822 1420 1877 quis
1450 1837 1537 1864 non
1642 1864 1660 1880 Ι,

198 1881 333 1934 videt,
378 1895 485 1935 quae
524 1883 696 1922 coactus
741 1880 835 1934 quis
875 1883 1009 1934 metu,
1053 1894 1160 1935 quae
1199 1880 1399 1935 deceptus
1438 1881 1535 1923 dolo
1556 1892 1590 1918 ³0
1642 1890 1644 1893 '

198 1939 473 1995 promiserit?
507 1954 614 1993 quae
641 1939 809 1993 quidem
834 1939 1037 1994 pleraque
1068 1939 1159 1980 iure
1191 1939 1408 1994 praetorio
1434 1939 1536 1982 libe-

199 2001 367 2052 rantur,
397 2012 484 2039 non
514 1998 635 2039 nulla
666 1998 847 2053 legibus.

130 2067 170 2098 33
286 2056 491 2098 Existunt
523 2057 654 2098 etiam
686 2071 812 2111 saepe
837 2056 1017 2097 iniuriae
1043 2056 1258 2098 calumnia
1284 2056 1468 2111 quadam
1494 2060 1537 2098 et

197 2114 326 2157 nimis
359 2115 528 2169 callida,
559 2115 632 2156 sed
664 2115 883 2157 malitiosa
912 2115 1017 2156 iuris
1048 2115 1415 2170 interpretatione.
1469 2114 1535 2157 Ex
1643 2165 1649 2169 ,Ἰ

199 2188 282 2228 quo
319 2174 429 2215 illud
467 2171 738 2215 ‘Summum
775 2173 851 2215 ius
896 2187 1088 2215 summa
1123 2173 1336 2215 iniuria'
1373 2173 1534 2216 factum
1555 2185 1588 2211 8⁵
1642 2170 1663 2196 ἡ

199 2235 264 2274 est
295 2232 381 2274 iam
412 2232 565 2274 tritum
597 2246 792 2274 sermone
823 2232 1120 2288 proverbium..
1182 2232 1273 2281 Quo
1305 2233 1351 2274 in
1382 2247 1534 2288 genere

198 2289 328 2333 etiam
359 2291 404 2332 in
429 2305 474 2332 re
500 2291 672 2347 publica
697 2291 834 2332 multa
862 2294 1102 2346 peccantur,
1133 2293 1181 2333 ut
1206 2291 1292 2345 ille,
1325 2291 1408 2347 qui,
1441 2306 1535 2334 cum

134 336 188 377 10

132 387 174 418 31
