1673 2505
432 57 729 95 ORATIONUM.
756 62 787 94 A
826 59 892 94 VII
921 64 1070 95 48—53.
1333 64 1420 106 255

138 166 218 208 Est
245 168 379 206 autem
409 166 525 207 liaec:
557 166 605 207 L.
638 165 804 209 Cassius
834 167 883 208 L.
912 168 945 219 f.
976 168 1200 221 Lowinus,
1233 170 1420 213 tribunus

136 225 271 278 plebis,
298 223 338 266 C.
358 225 501 266 Illario
522 224 564 267 O.
584 225 734 267 Flavio
759 239 855 268 coss.
877 227 1016 279 plures
1042 227 1139 280 loyes
1164 229 1220 268 ad
1237 230 1418 270 minuen-

136 284 232 325 dam
262 283 486 324 nobilitatis
509 285 736 336 potentiam
768 285 872 335 tulit,
905 286 949 326 in
980 286 1125 338 quibus
1152 286 1258 328 lianc
1283 289 1419 340 ctiam,

136 344 193 392 ut,
217 355 333 394 quem
351 342 530 394 populus
555 343 786 385 damnasset
810 345 919 385 cuive
938 345 1154 397 imperium
1179 346 1418 400 abroyasset‚

44 414 59 438 5
138 401 182 441 in
230 403 373 442 senatu
419 414 470 441 ne
518 404 625 442 esset.
708 402 877 443 Tulerat
923 407 1058 444 autem
1106 417 1194 445 eam
1242 407 1420 447 maxime

128 462 296 512 propter
325 459 549 501 simultates
580 473 670 501 cum
703 460 747 512 Q.
772 461 956 512 Servilio,
987 463 1057 514 qui
1087 466 1181 504 ante
1211 464 1420 506 biennium

136 518 274 559 consul
296 518 444 571 fuerat,
475 521 513 559 et
535 519 600 560 cui
616 520 807 571 populus,
838 521 936 572 quia
961 522 1066 562 male
1091 523 1282 564 adversus
1309 522 1418 566 Cim-

137 577 226 618 bros
256 590 340 617 rem
367 580 558 630 yesscrat‚
591 578 799 631 abrofsavit
830 579 1058 632 imperium.

224 635 340 676 Dicit
369 637 415 677 de
444 636 669 678 nobilibus:

28 708 59 733 ιο
166 694 233 735 51.
272 693 353 742 Qui
390 709 476 736 non
513 695 638 737 modo
677 710 771 737 eum
810 694 947 750 Sulla,
986 712 1134 738 verum
1172 698 1302 740 etiam
1340 700 1418 742 illo

79 755 248 794 morbuo
275 767 444 808 semper
469 754 548 795 hoe
578 769 654 809 per
681 768 724 796 se
758 755 935 796 summis
963 756 1115 810 opibus
1148 758 1418 800 retinendum

77 814 355 867 putaverunt,
398 812 683 854 inimicissimi
721 812 765 855 C.
804 812 957 856 Cottae
994 815 1186 869 fuerunt,
1230 817 1343 871 quod
1381 819 1418 859 is

77 871 226 912 consul
258 872 433 926 paulum
465 872 650 913 tribunis
681 872 820 927 plebis
852 888 938 914 non
968 876 1216 929 potestatis,
1254 876 1327 917 sed
1361 877 1418 917 di-

78 929 258 985 gnitatis
292 930 466 971 addidit.

25 1000 57 1026 15
223 989 309 1030 Hic
340 988 470 1041 Cotta,
508 993 555 1030 ut
577 993 680 1043 puto
710 1004 778 1031 vos
809 991 1030 1040 reminisci,
1071 992 1192 1045 leyem
1225 994 1335 1044 tulit,
1373 998 1421 1036 ut

136 1047 311 1089 tribunis
339 1048 470 1100 plebis
507 1049 638 1089 liceret
658 1052 801 1101 postea
836 1049 941 1090 alios
970 1052 1236 1104 magistratus
1266 1066 1417 1106 capere,

134 1107 241 1159 quod
270 1107 350 1159 leae
378 1106 517 1148 Sullae
546 1108 599 1148 iis
630 1111 718 1148 erat
750 1109 992 1160 ademptum.

164 1164 231 1207 52.
276 1164 486 1213 Quamdiu
536 1165 707 1219 quidem
755 1166 836 1208 hoe
880 1167 1022 1208 animo
1074 1182 1177 1223 erga
1220 1183 1296 1211 vos
1340 1170 1418 1212 illa

76 1223 199 1278 plebs
238 1224 337 1277 erit,
382 1239 464 1278 quo
510 1239 553 1265 se
592 1225 780 1266 ostendi’o
824 1239 933 1278 esse,
972 1241 1067 1267 eum
1105 1227 1246 1282 legem
1284 1228 1417 1271 Aure-

24 1295 57 1321 20
76 1283 191 1336 liam,
223 1297 318 1324 cum
344 1282 543 1325 Rosciam
568 1298 656 1325 non
681 1284 806 1326 modo
834 1285 1009 1339 accepit,
1041 1286 1115 1326 sed
1144 1287 1274 1328 etiam
1301 1288 1417 1330 effla-

77 1341 246 1397 gibavit.

222 1400 397 1442 Aurelia
439 1401 517 1455 leye
547 1403 843 1443 communicata
873 1415 953 1444 esse
982 1403 1137 1444 iiulicia
1167 1405 1274 1446 inter
1303 1419 1416 1448 sena-

135 1463 237 1502 tores
267 1463 304 1501 et
332 1463 547 1512 equestrem
577 1461 758 1502 ordinem
797 1464 834 1502 et
873 1461 1056 1504 tribunos
1086 1464 1269 1506 aerarios
1300 1498 1308 1506 .
1336 1499 1344 1506 .
1372 1499 1380 1506 .
1408 1499 1416 1507 .

133 1532 215 1572 qua
233 1519 281 1560 L.
301 1518 471 1561 Roscius
493 1518 594 1561 Otlio
613 1519 771 1561 biennio
790 1523 884 1562 ante
907 1521 1172 1575 confirmavit,
1198 1523 1244 1564 in
1263 1523 1416 1566 theatro

25 1589 57 1616 25
133 1581 180 1619 ut
211 1578 408 1630 equitibus
437 1577 638 1620 Romanis
668 1578 831 1619 XIIII
855 1580 1016 1621 ordines
1046 1582 1252 1633 spectandi
1277 1584 1418 1636 =qratia

133 1637 339 1679 darentur.

164 1695 231 1737 53,
268 1695 477 1738 Memoria
512 1698 656 1750 teneo,
700 1711 795 1738 cum
836 1697 1023 1751 primum
1061 1701 1280 1740 senatores
1320 1715 1416 1743 cum

77 1754 290 1809 equitibus
328 1755 534 1796 Romanis
578 1756 674 1810 lege
713 1755 857 1797 Plotia
900 1756 1154 1811 iudicarent,
1197 1758 1416 1801 hominem

77 1813 140 1854 dis
173 1828 221 1855 ac
251 1814 472 1855 nobilitati
508 1814 789 1869 perinvisum7
827 1814 901 1856 Cn.
933 1814 1203 1871 Pompeium,
1242 1832 1415 1860 eausam

25 1883 58 1909 30
76 1872 171 1928 lege
202 1871 337 1914 Varia
369 1873 418 1915 de
450 1873 677 1915 maiestate
709 1874 878 1915 dixisse,

220 1932 284 1974 M.
315 1931 510 1974 Plautius
538 1932 733 1974 Silvanus
764 1933 951 1976 tribunus
974 1935 1104 1987 plebis
1131 1935 1202 1977 Cn.
1221 1935 1415 1989 Pompeio

133 1990 330 2033 Strabone
365 1991 414 2033 L.
452 1991 597 2033 Porcio
637 1991 787 2034 Catone
823 2006 916 2035 coss.
957 1995 1127 2035 secundo
1170 2008 1280 2036 anno
1323 1996 1416 2037 belli

132 2049 289 2104 Italici,
341 2064 432 2092 cum
474 2054 647 2103 equester
689 2052 785 2093 ordo
830 2052 874 2092 in
916 2053 1081 2094 iudiciis
1122 2054 1414 2107 dominaretur,

134 2109 253 2162 leyem
285 2110 380 2151 tulit
408 2110 697 2152 adiuvantibus
726 2110 948 2160 nobilibus;
985 2125 1088 2165 quae
1119 2113 1183 2154 lex
1212 2114 1294 2154 vim
1325 2127 1415 2154 eam

23 2177 55 2204 35
131 2167 283 2220 habuit,
313 2182 438 2222 quam
469 2168 604 2211 Cicero
633 2170 857 2223 significan·
889 2184 990 2211 nam
1020 2184 1069 2212 ex
1098 2185 1145 2212 ea
1176 2172 1256 2225 leye
1286 2172 1416 2214 tribus

131 2227 316 2280 sinyulae
351 2241 399 2269 ex
434 2241 506 2270 suo
542 2242 710 2270 numero
741 2229 885 2281 quinos
916 2230 1037 2271 denos
1073 2230 1273 2284 suffragio
1304 2245 1414 2273 crea·

132 2285 244 2339 bant,
284 2287 354 2339 qui
390 2301 432 2329 eo
462 2300 571 2328 anno
601 2288 840 2329 iudicarent.
900 2288 970 2330 Ex
1000 2302 1042 2331 eo
1070 2289 1228 2341 factum
1258 2293 1332 2342 est,
1368 2293 1416 2331 ut
