1663 2490
192 103 248 144 38
712 102 775 137 DE
803 101 1000 136 OFFICIIS

193 210 244 251 de
275 210 441 251 insidiis
473 210 683 266 agendum
710 213 877 265 putant,
908 209 1104 252 veritatis
1136 211 1335 266 cultores,
1365 210 1528 252 fraudis

192 269 365 322 inimici,
395 269 582 322 itemque
615 269 711 321 alii,
744 268 815 322 qui
850 268 1016 322 quidvis
1048 270 1363 324 perpetiantur,
1395 270 1529 312 cuivis

193 328 445 381 deserviant,
478 327 589 381 dum,
622 327 733 381 quod
759 327 904 380 velint,
937 331 1264 382 consequantur,
1290 331 1338 369 ut
1365 326 1529 369 Sullam

193 389 236 427 et
273 386 327 427 M.
360 386 562 428 Crassum
600 386 860 427 videbamus.
923 385 1013 433 Quo
1053 387 1097 427 in
1138 401 1291 442 genere
1328 387 1529 428 versutis

193 445 348 486 simum
381 448 423 486 et
455 444 819 499 patientissimum
851 444 1233 486 Lacedaemonium
1261 445 1529 499 Lysandrum
1566 457 1582 482 ⁵

192 503 450 558 accepimus,
501 506 732 557 contraque
778 502 1117 557 Callicratidam,
1168 504 1240 558 qui
1289 504 1529 559 praefectus

192 563 343 604 classis
368 561 588 617 proximus
615 564 714 616 post
734 561 1000 615 Lysandrum
1026 562 1126 616 fuit3
1157 563 1345 617 itemque
1371 563 1416 604 in
1446 577 1530 604 ser-

192 622 389 662 monibus
435 621 566 662 alium
613 622 876 675 [quemque],
921 621 1116 674 quamvis
1160 625 1417 676 praepotens
1462 622 1530 675 sit,

192 680 377 733 efficere,
420 682 468 720 ut
510 694 618 720 unus
661 680 710 720 de
755 680 902 720 multis
947 694 1038 721 esse
1081 679 1294 734 videatur3
1337 680 1449 735 quod
1486 680 1531 721 in

193 738 365 792 Catulo,
407 741 449 779 et
480 738 523 779 in
556 741 678 792 patre
711 741 753 778 et
784 738 827 778 in
865 738 972 792 filio,
1010 739 1197 792 itemque
1234 739 1279 783 in
1311 737 1357 786 Q.
1388 739 1529 780 Mucio
1551 750 1584 774 1⁰

191 798 221 849 †
258 797 427 838 Mancia
470 797 665 838 vidimus.
733 797 888 838 Audivi
932 811 980 837 ex
1024 797 1258 838 maioribus
1301 800 1406 838 natu
1449 798 1532 840 hoc

191 856 303 897 idem
335 855 468 897 fuisse
500 871 545 896 m
576 856 619 896 P.
653 854 849 910 Scipione
881 855 1058 909 Nasica,
1099 859 1331 910 contraque
1362 859 1531 911 patrem

193 915 295 968 eius,
327 915 451 956 illum
479 915 550 968 qui
577 914 638 955 Ti.
660 914 842 956 Gracchi
868 917 1045 956 conatus
1071 915 1261 969 perditos
1287 915 1530 968 vindicavit,

190 974 357 1015 nullam
390 974 636 1015 comitatem
668 973 870 1015 habuisse
903 974 1110 1015 sermonis
1145 975 1213 1025 [ne
1245 973 1530 1015 Xenocratem

192 1032 375 1087 quidem,
403 1033 720 1074 severissimum
741 1031 1126 1087 philosophorum,]
1155 1032 1208 1074 ob
1235 1047 1412 1087 eamque
1438 1047 1528 1074 rem
1551 1043 1584 1068 15

191 1091 331 1146 ipsam
362 1105 567 1146 magnum
600 1094 642 1132 et
674 1092 837 1133 clarum
861 1091 1005 1132 fuisse.
1055 1090 1393 1133 Innumerabiles
1421 1092 1530 1133 aliae

192 1150 562 1191 dissimilitudines
583 1153 682 1192 sunt
701 1152 880 1191 naturae
902 1165 1165 1205 morumque,
1192 1150 1366 1191 minime
1386 1153 1531 1192 tamen

191 1209 586 1264 vituperandorum.

123 1247 188 1329 ἔξω
280 1267 525 1309 Admodum
557 1271 700 1309 autem
732 1268 916 1310 tenenda
948 1271 1048 1310 sunt
1081 1283 1156 1309 sua
1183 1269 1332 1322 cuique
1361 1283 1447 1309 non
1472 1268 1531 1309 vi-

194 1327 322 1380 tiosa,
355 1327 428 1368 sed
459 1330 605 1368 tamen
635 1327 828 1381 propria,
864 1342 946 1381 quo
978 1328 1148 1368 facilius
1181 1328 1379 1368 decorum
1411 1326 1529 1379 illud,
1550 1336 1584 1361 20

194 1385 307 1440 quod
340 1386 595 1451 quaerimus,
627 1386 874 1427 retineatur.
936 1384 1004 1428 Sic
1037 1386 1148 1426 enim
1182 1389 1247 1426 est
1277 1385 1530 1439 faciendum,

191 1448 240 1486 ut
272 1448 421 1487 contra
452 1445 696 1486 universam
734 1448 933 1485 naturam
971 1445 1079 1485 nihil
1119 1444 1442 1498 contendamus,
1481 1459 1531 1485 ea

192 1506 337 1545 tamen
381 1506 633 1546 conservata
676 1504 896 1558 propriam
940 1506 1133 1545 nostram
1179 1518 1422 1558 sequamur,
1471 1505 1530 1556 ut,

192 1563 362 1604 etiamsi
387 1553 489 1603 sint
526 1563 606 1603 alia
645 1563 845 1618 graviora
883 1565 1010 1616 atque
1042 1562 1237 1615 melior,a
1276 1565 1421 1603 tamen
1451 1575 1530 1603 nos

193 1622 335 1663 studia
365 1624 516 1663 nostra
538 1624 711 1662 nostrae
737 1626 916 1662 naturae
942 1621 1092 1677 regula
1118 1621 1363 1674 metiamur3
1393 1635 1530 1674 neque
1549 1629 1583 1655 2⁵

192 1681 306 1722 enim
344 1681 502 1722 attinet
539 1683 717 1721 naturae
755 1695 993 1736 repugnare
1025 1694 1101 1721 nec
1140 1654 1365 1734 quicquani
1399 1679 1531 1733 sequi,

193 1739 305 1793 quod
331 1740 500 1793 assequi
526 1754 612 1781 non
639 1753 780 1793 queas.
817 1739 882 1780 Ex
910 1754 992 1793 quo
1020 1738 1158 1793 magis
1185 1738 1377 1793 emergit,
1407 1739 1530 1792 quale

193 1799 250 1839 sit
277 1799 473 1840 decorum
499 1798 617 1851 illud,
646 1798 741 1838 ideo
769 1798 869 1851 quia
892 1797 999 1838 nihil
1027 1797 1145 1839 decet
1170 1797 1305 1838 invita
1325 1797 1530 1850 Minerva,

192 1860 240 1897 ut
284 1857 422 1911 aiunt,
471 1857 515 1898 id
562 1859 627 1898 est
671 1857 923 1898 adversante
968 1859 1010 1897 et
1053 1859 1320 1911 repugnante
1363 1858 1529 1897 natura.

125 1924 186 1954 111
211 1916 393 1957 Omnino
427 1916 463 1957 81
496 1916 722 1970 quicquam
755 1918 820 1956 est
853 1915 1068 1968 decorum,
1099 1915 1208 1955 nihil
1241 1917 1308 1955 est
1338 1914 1530 1969 profecto
1551 1924 1585 1949 30

192 1974 331 2029 magis
372 1990 501 2028 quam
539 1974 824 2029 aequabilitas
862 1988 952 2015 cum
995 1973 1218 2014 universae
1262 1973 1395 2026 vitae,
1439 1976 1532 2014 tum

194 2033 462 2089 singularum
495 2034 724 2085 actionum,
757 2048 885 2087 quam
916 2047 1169 2074 conservare
1200 2047 1287 2073 non
1311 2032 1464 2086 possis,
1497 2032 1533 2073 si

194 2093 375 2133 aliorum
400 2094 600 2133 naturam
626 2092 802 2133 imitans
830 2091 1004 2133 omittas
1031 2094 1162 2132 tuam.
1212 2090 1274 2132 Ut
1304 2090 1417 2132 enim
1450 2105 1532 2132 ser-

192 2165 318 2192 mone
350 2165 398 2192 eo
432 2151 633 2192 debemus
666 2151 747 2203 uti,
786 2150 858 2204 qui
889 2150 1061 2191 innatus
1095 2152 1160 2191 est
1198 2149 1341 2203 nobis,
1377 2164 1448 2202 ne,
1485 2152 1534 2190 ut

194 2209 384 2264 quidam,
423 2208 586 2251 Graeca
616 2210 748 2251 verba
785 2209 1049 2250 inculcantes
1080 2208 1171 2249 iure
1204 2208 1368 2262 optimo
1400 2208 1533 2249 ridea-
1552 2217 1586 2243 ³5
1642 2205 1649 2220 ²

193 2283 308 2321 mur,
341 2268 401 2310 sic
432 2268 477 2309 in
509 2268 697 2309 actiones
731 2282 983 2322 omnemque
1015 2267 1148 2308 vitam
1181 2267 1347 2307 nullam
1381 2266 1534 2308 disere-

126 2338 189 2369 112
210 2327 405 2382 pantiam
448 2326 639 2368 conferre
683 2326 895 2368 debemus.
958 2326 1101 2380 Atque
1144 2325 1250 2367 haec
1294 2325 1534 2367 differentia
