1673 2505
546 45 588 80 V.
630 44 728 78 CAP.
759 49 797 78 1>
827 48 858 79 3.
899 48 917 85 ξ
944 48 1014 79 34·
1039 49 1084 78 40
1407 45 1491 86 209

152 152 250 206 ista,
276 151 348 205 qui
368 152 552 205 tergent,
579 151 651 204 qui
672 153 850 205 ungunt,
877 151 950 205 qui
969 153 1156 202 verrunt,
1178 150 1249 204 qui
1270 155 1492 205 spargunt,

152 224 239 252 non
263 208 614 251 honestissimum
641 209 782 250 locum
809 208 1028 250 servitutis
1055 211 1213 262 tenent,
1240 208 1301 249 sic
1325 209 1370 249 in
1394 207 1491 250 civ'i-

153 270 261 321 tate‚
299 266 373 321 qui
408 280 454 308 se
490 266 671 308 istarum
710 280 852 308 rerum
889 266 1196 322 cupiditatibus
1230 266 1491 318 dediderunt,

152 326 286 381 ipsius
308 324 527 366 servitutis
541 325 680 366 locum
696 340 830 379 paene
849 325 1043 366 infimum
1057 325 1265 366 obtinent.
1292 324 1492 379 ‘Magna’.

118 398 133 421 5
153 383 305 438 inquit,
332 382 463 424 ‘bella
488 383 613 438 gessi,
639 384 808 438 magnis
834 383 1024 438 imperiis
1052 385 1095 425 et
1119 383 1350 438 provinciis
1374 398 1487 438 prae·

152 441 240 483 fui?
286 440 395 483 Gere
426 441 561 496 igitur
593 441 782 483 animum
814 442 939 483 laude
971 441 1160 497 dignum.
1204 441 1402 483 Aetionis
1431 445 1492 483 ta-

152 500 255 541 bula
278 502 322 541 te
347 499 567 554 stupidum
587 500 748 541 detinet
774 503 848 541 aut
874 501 1044 555 signum
1070 500 1244 554 aliquod
1270 499 1492 554 Polycleti.

151 557 299 611 Mitto,
335 558 445 599 unde
477 558 722 612 sustuleris,
760 573 844 612 quo
877 559 1002 600 modo
1034 558 1214 612 habeas3
1253 559 1492 600 intuentem

152 619 208 670 te,
239 616 535 670 admirantem,
565 616 773 658 clamores
793 617 1019 658 tollentem
1041 631 1136 658 cum
1162 617 1297 670 video,
1323 631 1493 659 servum

101 688 133 712 10
154 689 245 716 esse
284 674 543 729 ineptiarum
582 674 772 716 omnium
809 675 960 716 iudico.
1022 674 1189 717 eNonne
1227 676 1362 731 igitur
1393 679 1493 717 sunt

152 733 229 774 illa
259 732 460 774 festiva?'
522 731 632 774 Sunt
664 731 782 788 (nam
813 748 891 775 nos
924 748 1092 788 quoque
1125 735 1270 775 oculos
1303 734 1492 776 eruditos

152 790 398 845 habemus);
431 791 515 846 sed,
548 791 724 833 obsecro
750 794 804 844 te,
837 792 900 833 ita
924 795 1106 833 venusta
1131 792 1371 834 habeantur
1395 793 1492 845 ista,

152 863 239 891 non
263 852 312 891 ut
337 849 478 891 vincla
498 849 688 891 virorum
709 850 807 903 sint,
834 851 908 891 sed
932 853 981 892 ut
1007 851 1324 892 oblectamenta
1343 865 1492 905 puero-

152 922 258 949 rum.
302 906 412 956 Quid
438 908 551 949 enim
576 909 751 950 censes?
784 909 820 949 si
845 908 890 949 L.
913 908 1145 950 Mummius
1172 909 1359 963 aliquem
1391 910 1493 951 isto-

104 979 135 1004 15
154 981 249 1007 rum
279 966 443 1007 videret
468 966 762 1008 matellionem
787 965 1060 1008 Corinthium
1086 967 1359 1021 cupidissime
1385 970 1493 1009 trac-

153 1026 330 1077 tantem,
350 1024 550 1079 cumipse
564 1026 703 1066 totam
717 1023 972 1066 Corinthum
987 1025 1328 1079 contempsisset,
1347 1028 1492 1066 utrum

151 1083 275 1123 illum
308 1082 444 1124 civem
476 1082 755 1124 excellentem
787 1097 842 1124 an
874 1083 1104 1124 atriensem
1136 1083 1389 1138 diligentem
1420 1099 1494 1138 pu-

151 1141 295 1183 taret?
343 1140 598 1182 Revivescat
629 1140 697 1182 M'.
720 1140 872 1183 Curius
906 1143 981 1183 aut
1012 1155 1159 1183 eorum
1192 1142 1360 1195 aliquis,
1393 1156 1493 1196 quo-

152 1214 247 1240 rum
277 1199 323 1240 in
347 1199 453 1240 villa
481 1214 531 1241 ac
557 1199 682 1241 domo
707 1199 816 1240 nihil
843 1199 1126 1255 splendidum,
1155 1200 1265 1241 nihil
1292 1203 1492 1241 ornatum

101 1270 134 1294 20
152 1257 236 1299 fuit
266 1260 438 1312 praeter
467 1257 603 1312 ipsos,
642 1260 685 1299 et
721 1258 865 1299 videat
903 1258 1090 1312 aliquem
1127 1258 1305 1299 summis
1344 1259 1494 1313 populi

152 1316 369 1358 beneficiis
400 1330 526 1357 usum
556 1316 810 1358 barbatulos
843 1317 1002 1358 mullos
1034 1319 1332 1371 exceptantem
1358 1317 1408 1357 de
1434 1318 1493 1371 pi-

153 1374 271 1416 scina
307 1377 350 1415 et
387 1376 723 1429 pertractantem
762 1377 805 1416 et
841 1389 1116 1416 murenarum
1154 1376 1274 1430 copia
1309 1375 1494 1430 glorian-

152 1436 259 1486 tem,
288 1447 429 1474 nonne
461 1433 573 1474 hunc
603 1432 821 1474 hominem
852 1434 915 1474 ita
947 1447 1117 1474 servum
1148 1433 1324 1487 iudicet,
1361 1436 1410 1474 ut
1440 1448 1493 1475 ne

150 1491 197 1533 in
215 1491 383 1533 familia
403 1491 573 1545 quidem
593 1491 771 1546 dignum
790 1492 951 1533 maiore
971 1491 1116 1546 aliquo
1138 1492 1314 1547 negotio
1340 1492 1492 1546 putet?

100 1550 224 1591 2⁵An
261 1564 408 1592 eorum
445 1549 629 1591 servitus
668 1549 798 1591 dubia
834 1552 917 1604 est,
955 1550 1028 1604 qui
1065 1550 1299 1605 cupiditate
1337 1550 1493 1604 peculii

151 1608 317 1649 nullam
361 1608 652 1649 condicionem
694 1610 894 1650 recusant
938 1608 1190 1650 durissimae
1241 1609 1491 1650 servitutis?

152 1666 419 1708 Hereditatis
463 1680 561 1721 spes
606 1666 707 1720 quid
748 1666 992 1721 iniquitatis
1041 1667 1087 1707 in
1135 1666 1357 1708 serviendo
1406 1681 1494 1708 non

154 1724 361 1780 suscipit?
394 1739 520 1778 quem
545 1727 699 1766 nutum
723 1724 952 1785 locupletis
979 1725 1074 1766 orbi
1100 1725 1213 1766 senis
1238 1739 1326 1766 non
1351 1725 1492 1766 obse1

152 1783 254 1824 vat?
298 1783 490 1837 loquitul
528 1783 582 1823 ad
618 1778 905 1837 voluntatem,
949 1783 1150 1837 quicquid
1190 1783 1492 1824 denunciatum

103 1853 135 1878 30
154 1844 230 1895 est,
253 1841 370 1894 facit,
396 1841 652 1895 adsectatur,
684 1841 861 1895 adsidet,
893 1844 1154 1883 muneratur.
1204 1840 1314 1890 Quid
1338 1841 1493 1883 horum

153 1902 219 1942 est
261 1899 416 1942 liberi?
461 1899 562 1953 quid
605 1899 785 1954 denique
829 1900 942 1941 servi
983 1914 1071 1942 non
1110 1900 1292 1941 inertis?
1354 1899 1492 1948 Quid?

152 1958 237 2003 iam
268 1958 347 1999 illa
377 1958 601 2023 cupiditaS,
633 1972 741 2012 quae
773 1958 942 1999 videtur
974 1973 1065 1999 esse
1097 1958 1330 2011 liberalior,
1362 1958 1492 2000 hono-

154 2017 230 2071 ris,
272 2016 468 2082 imperii,
504 2016 841 2071 provinciarum,
885 2031 1013 2070 quam
1057 2017 1163 2058 dura
1206 2019 1272 2058 est
1309 2016 1493 2070 domina,

154 2089 283 2129 quam
317 2074 567 2130 imperiosa,
605 2089 733 2129 quam
770 2075 1017 2116 vehemens!
1081 2073 1292 2141 Cethego,
1328 2050 1493 2116 homini

102 2144 135 2169 3⁵
154 2147 239 2174 non
275 2132 602 2188 probatissimo,
646 2133 806 2174 servire
850 2132 992 2188 coegit
1029 2148 1120 2188 eos,
1164 2134 1238 2188 qui
1280 2132 1364 2175 sibi
1401 2147 1493 2175 esse

155 2191 410 2246 amplissimi
440 2191 715 2244 videbantur,
752 2206 929 2233 munera
960 2191 1150 2246 mittere,
1185 2193 1317 2233 noctu
1349 2191 1493 2233 venire

155 2249 329 2291 domum
366 2249 420 2291 ad
457 2263 571 2303 eum,
614 2250 798 2305 precari,
843 2249 1023 2304 denique
1061 2250 1314 2306 supplicare.
1377 2248 1493 2298 Quae

224 2323 409 2351 c1c.1v.3.
1238 2321 1280 2351 14

1519 686 1562 715 38

1519 1562 1562 1592 39
