1673 2505
110 1229 151 1258 ⁶28

123 2135 149 2173 ‚Q

107 2187 148 2217 29

185 61 272 101 222
752 61 964 96 TIMAEUS

185 169 512 210 accommodans
532 169 775 223 copulabat.
820 167 889 210 Sic
909 168 1076 210 animus
1105 184 1131 210 a
1149 169 1288 211 medio
1309 169 1527 224 profectus

185 227 503 268 extremitatem
535 227 642 269 caeli
675 242 699 269 a
725 241 925 281 suprema
950 227 1125 282 regione
1150 227 1335 269 rotundo
1362 228 1528 269 ambitu

185 285 446 327 circumiecit
478 300 654 339 seseque
685 285 778 339 ipse
810 299 984 326 versans
1017 285 1209 327 divinum
1241 286 1527 340 sempiternae

185 344 478 398 sapientisque
510 344 625 384 vitae
662 343 830 383 induxit
868 343 1098 384 exordium.
1159 343 1218 385 Et
1249 358 1403 399 corpus
1439 345 1527 398 qui-

185 402 280 444 dem
313 403 420 444 caeli
453 401 716 456 aspectabile
742 401 939 443 effectum
967 403 1044 456 est,
1077 402 1244 444 animus
1268 406 1412 444 autem
1433 417 1528 444 ocu·
1565 414 1581 439 5

184 461 324 502 lorum
357 460 508 516 effugit
541 462 754 514 optutum.
814 459 896 501 Est
928 462 1072 501 autem
1103 475 1212 502 unus
1244 475 1295 502 ex
1328 461 1527 503 omnibus

184 519 365 560 rationis
397 518 791 572 concenffionisque,
830 533 938 572 quae
975 515 1167 572 ἁρμονία
1200 518 1379 573 Graece,
1422 534 1528 561 sem·

183 578 451 631 piteinarum
494 591 638 618 rerum
683 580 726 618 et
770 577 848 618 sub
892 576 1238 632 intellegentiam
1282 578 1527 620 cadentium

184 650 358 689 compos
391 638 434 677 et
465 635 695 690 particeps,
728 650 811 689 quo
837 635 946 676 nihil
974 638 1039 676 est
1046 612 1119 676 oab
1147 636 1312 702 optimo
1339 639 1382 678 et
1407 651 1527 691 prae-

183 694 451 735 stantissimo
479 694 674 750 genitore
701 693 853 735 melius
881 697 1169 748 procieatum3
1203 694 1360 749 quippe
1384 695 1456 749 qui
1477 710 1527 736 ex
1548 708 1580 732 10

182 752 328 793 eadem
361 753 531 794 iunctus
561 753 782 806 alteraque
808 755 964 794 natura
984 752 1185 794 adiuncta
1211 753 1394 794 materia
1419 756 1527 795 tem-

180 811 403 865 peratione
446 811 580 852 trium
622 811 813 865 partium
862 811 1142 866 proportione
1186 814 1437 866 conpactus,
1482 826 1526 853 se

180 870 272 924 ipse
305 870 575 922 conversans,
604 884 701 911 cum
726 870 952 911 materiam
984 870 1238 911 mutabilem
1268 870 1452 925 arripuit
1483 873 1526 912 et

180 943 276 969 cum
308 942 455 970 rursus
487 928 752 969 individuam
778 930 907 982 atque
933 928 1185 983 simplicem,
1211 943 1288 984 per
1313 943 1358 970 se
1385 929 1523 971 omnis

181 989 378 1028 movetur
416 986 722 1041 discernitque,
755 986 856 1040 quid
888 986 945 1027 sit
977 987 1165 1028 eiusdem
1198 987 1385 1043 generis,
1425 987 1526 1042 quid
1547 999 1578 1024 15

181 1045 378 1099 alterius,
411 1048 455 1086 et
487 1048 629 1087 cetera
667 1045 889 1099 diiudicat,
929 1045 1032 1099 quid
1072 1046 1224 1100 cuique
1256 1046 1319 1087 rei
1351 1046 1407 1087 sit
1439 1061 1525 1087 ma-

180 1104 291 1145 xime
324 1106 486 1158 aptum‚
519 1103 621 1158 quid
653 1118 821 1158 quoque
847 1104 942 1145 loco
976 1107 1050 1145 aut
1077 1104 1203 1146 modo
1230 1107 1305 1146 aut
1330 1106 1524 1159 tempore

181 1162 426 1217 contingat,
466 1177 658 1216 quaeque
701 1162 920 1204 distinctio
966 1162 1022 1203 sit
1059 1162 1173 1204 inter
1219 1177 1279 1216 ea,
1318 1177 1426 1217 quae
1465 1163 1525 1218 gi-

180 1223 380 1276 gnantur,
413 1223 455 1262 et
482 1235 542 1275 ea,
576 1235 683 1275 quae
709 1220 797 1262 sint
823 1235 992 1275 semper
1018 1221 1177 1262 eadem.
1223 1221 1353 1263 Ratio
1380 1223 1525 1262 autem

179 1294 298 1333 vera,
337 1294 445 1333 quae
477 1282 675 1321 versatur
705 1279 751 1320 in
781 1279 852 1333 iis,
892 1294 999 1333 quae
1033 1282 1133 1321 sunt
1165 1293 1332 1334 semper
1365 1280 1523 1333 eadem7
1545 1292 1578 1317 20

180 1340 223 1378 et
253 1337 297 1378 in
329 1338 400 1392 iis,
433 1352 542 1392 quae
574 1339 810 1390 mutantur,
847 1352 945 1379 cum
975 1339 1021 1379 in
1053 1338 1201 1379 eodem
1235 1341 1277 1379 et
1308 1338 1353 1379 in
1385 1338 1522 1379 altero

179 1398 376 1438 movetur
407 1397 504 1451 ipsa
536 1410 614 1451 per
646 1411 738 1437 sese
777 1396 867 1437 sine
911 1410 1013 1438 voce
1059 1399 1101 1437 et
1145 1396 1234 1437 sine
1275 1396 1366 1438 ullo
1406 1411 1522 1450 sono,

179 1470 274 1496 cum
308 1470 402 1496 eam
434 1457 603 1510 partem
636 1455 836 1510 attingit,
869 1469 953 1508 qua
985 1469 1133 1496 sensus
1166 1454 1268 1497 cieri
1299 1457 1457 1510 potest,
1489 1459 1526 1496 et

180 1513 296 1554 orbis
328 1513 446 1554 illius
481 1513 650 1568 generis
677 1514 856 1555 alterius
881 1513 1120 1554 inmutatus
1148 1515 1190 1554 et
1215 1516 1357 1555 rectus
1379 1513 1523 1555 omnia

179 1572 321 1614 animo
366 1573 584 1626 mentique
623 1572 864 1625 denuntiat,
907 1574 1002 1613 tum
1040 1571 1262 1627 opiniones
1308 1571 1522 1613 adsensio·
1543 1584 1575 1609 25

177 1645 337 1685 nesque
362 1631 512 1672 firmae
538 1645 749 1685 veraeque
779 1630 1034 1686 gignuntur3
1067 1645 1162 1672 cum
1189 1632 1334 1672 autem
1360 1631 1405 1672 in
1433 1630 1522 1671 illis

178 1690 305 1730 rebus
327 1689 521 1743 vertitur,
547 1703 655 1744 quae
676 1692 898 1730 manentes
920 1703 1087 1743 semper
1109 1689 1256 1730 eadem
1276 1703 1363 1730 non
1384 1703 1522 1742 sensu,

178 1748 252 1789 sed
282 1747 583 1803 intellegentia
615 1747 888 1790 continentur
917 1781 923 1787 .
947 1781 954 1788 .
976 1782 983 1788 .
1006 1781 1012 1787 .

838 1847 862 1872 :ic

272 1885 438 1931 [Excidit
468 1886 615 1919 tantum
645 1884 722 1919 fere
755 1884 932 1919 orationis
964 1885 1198 1929 Platonicae,
1237 1887 1416 1929 quantum
1451 1896 1523 1920 una
1542 1900 1576 1925 30

178 1932 441 1976 ‹omplectitur
466 1932 604 1976 pagina
629 1931 686 1966 ed.
713 1930 858 1989 Steph.‚
884 1931 946 1965 ubi
973 1931 1107 1966 ultima
1130 1933 1216 1967 ante
1236 1931 1331 1966 hanc
1350 1932 1523 1967 lacunam

178 1979 290 2013 verba
308 1979 483 2023 leguntui
496 1991 530 2023 p.
542 1977 625 2013 370
644 1979 734 2018 νοῦς
760 1976 942 2023 ἐπιστήμη
969 1991 1007 2013 τε
1032 1977 1069 2020 ἐξ,
1092 1975 1260 2034 ἆναγκης
1286 1976 1531 2014 ἐπιτελεῖται..

176 2025 266 2060 Post
291 2026 446 2060 eandem
470 2025 592 2080 prima
615 2037 651 2070 p.
679 2029 724 2061 38
752 2025 778 2059 C
804 2025 896 2060 haee
922 2026 1024 2060 sunt:
1053 2023 1091 2068 ἐξ
1118 2026 1185 2060 οὐν
1211 2023 1323 2070 λόγου
1349 2026 1413 2061 καὶ
1440 2028 1520 2061 διοι-

176 2073 280 2112 volas
305 2073 402 2107 θεοῦ
429 2085 604 2116 τοιαυτης
630 2070 722 2116 πρὸς
748 2069 883 2116 χρόνου
910 2072 1056 2116 γένεσιν
1082 2069 1173 2117 πετὲ]

265 2154 527 2196 Curriculmn
558 2159 700 2197 memo
728 2169 881 2209 yenere.
931 2154 1068 2197 Cicero
1103 2156 1292 2197 Timaeo:
1335 2156 1521 2198 Ratione
1542 2168 1575 2193 35

175 2213 310 2268 igitur
342 2215 386 2254 et
417 2216 559 2254 mente
592 2214 737 2255 divina
768 2213 821 2255 ad
854 2213 1065 2268 originem
1096 2214 1304 2268 temporis
1340 2215 1521 2256 curricu-

176 2272 265 2313 lum
297 2272 521 2313 inventum
559 2274 624 2313 est
663 2272 765 2313 solis
800 2275 842 2314 et
873 2272 999 2313 lunae
1032 2271 1217 2324 (Nonius
1239 2287 1283 2326 p.
1316 2276 1410 2316 198.
1443 2274 1520 2327 25)
