1673 2505
207 49 295 90 274
724 46 1020 82 FRAGMENTA

209 156 444 198 maioribus
469 156 574 196 natu
600 169 653 195 ne
678 154 723 195 in
749 154 837 194 suis
864 153 1034 207 quidem
1060 153 1244 208 praediis
1264 153 1422 208 inpune
1440 155 1546 208 tum,

209 231 304 257 cum
331 214 493 256 Romae
525 213 632 254 nihil
660 212 815 267 agitur,
847 212 974 253 liceat
1001 226 1092 252 esse
1118 212 1437 266 valetudinique
1464 227 1547 254 ser-

210 273 311 315 vire.
360 272 522 314 Verum
554 274 699 312 tamen
730 270 883 311 ceteris
910 303 918 312 .
946 304 953 311 .
981 304 988 311 .
1015 270 1072 311 sit
1103 271 1335 326 ignoscere,
1366 272 1402 311 ei
1432 285 1546 324 vero,

209 333 280 385 qui
309 332 529 385 praedium
565 330 709 371 habeat?
737 329 783 369 in
813 329 889 370 illo
927 329 1039 380 loco,
1078 329 1198 370 nullo
1236 329 1374 370 modo.
1437 328 1548 377 Quid

210 390 387 444 homini,
419 389 569 443 inquit,
596 387 797 442 Arpinati
823 402 917 429 cum
937 386 1068 440 Baiis,
1094 388 1256 442 agresti
1281 402 1330 429 ac
1354 388 1545 429 rustico?
1583 397 1599 423 5

211 450 283 503 (V.
308 463 351 501 p.
383 451 480 490 276.
512 448 569 499 1.)

300 509 367 548 21.
400 506 491 554 Quo
530 506 623 546 loco
660 504 723 546 ita
758 504 841 545 fuit
879 519 1045 556 caecus,
1085 506 1133 545 ut
1163 504 1288 546 facile
1322 507 1549 560 appareret

211 566 368 607 vidisse
413 579 526 617 eum,
577 563 689 617 quod
732 563 797 604 fas
840 578 927 604 non
969 563 1132 604 fuisset.
1199 562 1288 604 Nec
1332 564 1444 604 enim
1486 577 1548 605 re-

212 624 352 679 spexit
382 623 507 664 illum
538 622 679 677 ipsum
708 625 938 677 patronum
964 621 1154 662 libidinis
1182 636 1282 662 suae
1307 637 1394 663 non
1420 622 1546 663 modo

212 682 325 737 apud
351 681 479 723 Baias
506 695 610 734 esse,
641 695 788 722 verum
821 695 892 721 eas
923 680 1039 735 ipsas
1072 695 1204 734 aquas
1236 680 1406 734 habere,
1439 695 1547 735 quae
1571 692 1601 716 10

211 741 240 794 †
268 743 396 796 gustu
422 744 566 781 tamen
594 739 818 794 Arpinatis
843 739 1036 780 fuissent.
1086 737 1167 780 Sed
1193 739 1332 780 videte
1361 742 1549 780 metuen-

213 800 310 841 dam
342 799 503 840 inimici
536 800 578 839 et
609 798 747 838 hostis
775 798 906 838 bilem
932 800 974 838 et
1000 797 1234 838 licentiam!
1280 797 1322 838 Is
1350 813 1415 839 me
1443 798 1549 838 dixit

213 858 447 910 aedificare,
478 856 552 898 ubi
582 857 692 897 nihil
723 857 873 907 habeo,
904 857 973 897 ubi
1002 856 1137 909 habeo,
1167 856 1227 897 ibi
1258 856 1402 897 fuisse.
1460 855 1549 905 Quo

212 918 328 958 modo
360 916 472 957 enim
503 930 589 957 non
621 916 745 956 mirer
776 916 1013 969 sapientem
1051 914 1359 967 adversarium,
1397 915 1471 969 qui
1506 915 1549 956 id

213 976 384 1028 obiciat,
417 974 529 1029 quod
561 974 628 1015 vel
660 973 839 1015 honeste
871 973 1064 1015 confiteri
1095 974 1161 1014 vel
1197 973 1426 1015 manifesto
1458 974 1548 1015 red·
1572 984 1602 1009 15

214 1048 393 1090 arguere
427 1032 595 1087 possis?

301 1094 367 1134 22.
401 1091 513 1133 Nam
546 1091 728 1132 rusticos
761 1091 798 1132 ei
835 1105 913 1132 nos
946 1091 1078 1132 videri
1114 1091 1253 1131 minus
1292 1094 1357 1132 est
1395 1091 1550 1132 miran-

213 1151 325 1204 dum,
359 1151 431 1205 qui
464 1150 722 1191 manicatam
754 1149 943 1190 tunicam
976 1152 1018 1190 et
1044 1149 1218 1190 mitram
1246 1153 1288 1190 et
1314 1165 1549 1204 purpureas

211 1210 368 1251 fascias
408 1210 566 1250 habere
604 1223 690 1249 non
727 1223 966 1263 possumus
1027 1208 1091 1249 Tu
1129 1223 1228 1249 vero
1267 1208 1465 1262 festivus,
1503 1212 1549 1249 tu

213 1269 398 1324 elegans,
430 1271 477 1308 tu
511 1268 626 1308 solus
654 1267 854 1320 urbanus,
886 1281 1010 1320 quem
1037 1267 1155 1308 decet
1181 1267 1403 1308 muliebris
1430 1282 1549 1309 orna·
1570 1278 1602 1303 20

212 1331 300 1380 tus,
339 1341 464 1380 quem
497 1326 686 1367 incessus
719 1326 941 1379 psaltriae,
980 1326 1052 1379 qui
1090 1326 1333 1367 effeminare
1370 1326 1550 1379 vultum,

213 1388 436 1427 attenuare
468 1399 633 1437 vocem,
671 1384 840 1425 laevare
877 1398 1029 1438 corpus
1068 1386 1203 1438 potes,
1266 1384 1299 1425 O
1333 1384 1551 1440 singulare

212 1444 457 1499 prodigium
498 1445 625 1497 atque
664 1444 920 1484 monstrum!
964 1457 1104 1483 nonne
1146 1445 1187 1483 te
1225 1443 1349 1484 huius
1387 1444 1552 1498 templi,

211 1518 298 1544 non
330 1502 461 1555 urbis,
492 1516 578 1543 non
610 1501 736 1554 vitae,
767 1515 851 1542 non
884 1501 990 1542 lucis
1023 1501 1181 1555 pudet?
1243 1502 1315 1555 (V.
1347 1501 1430 1544 Iul.
1464 1503 1549 1543 Ra-

211 1562 357 1614 sim'cm.
389 1564 414 1602 1
438 1575 481 1613 p.
512 1564 580 1602 38.
611 1564 638 1601 8
668 1563 705 1600 et
736 1560 841 1601 Non.
866 1574 909 1612 p.
942 1562 1034 1601 465.
1066 1562 1151 1614 14.)
1571 1571 1604 1596 25

301 1620 368 1661 23.
401 1619 482 1672 Tu,
515 1618 586 1673 qui
618 1618 791 1659 indutus
824 1618 1023 1659 muliebri
1053 1621 1171 1660 veste
1203 1618 1351 1672 fueris,
1384 1619 1551 1661 virilem

214 1693 359 1720 vocem
393 1678 522 1719 audes
555 1677 767 1731 emittere,
799 1677 917 1718 cuius
949 1677 1225 1731 inportunam
1257 1678 1477 1719 libidinem
1510 1682 1553 1720 et

214 1740 411 1791 stuprum
443 1751 538 1778 cum
571 1735 729 1777 scelere
767 1735 1038 1777 coniunctum
1074 1751 1127 1777 ne
1165 1737 1427 1778 subornandi
1464 1737 1553 1792 qui-

215 1796 309 1837 dem
343 1810 463 1837 mora
495 1794 759 1836 retardavit?

303 1855 370 1895 24.
397 1854 528 1908 Tune,
555 1868 649 1895 cum
670 1853 930 1894 vincirentur
955 1853 1083 1908 pedes
1108 1852 1265 1906 fasciis,
1292 1868 1388 1895 cum
1414 1854 1551 1895 calau-
1571 1864 1605 1890 3⁰

213 1912 301 1955 tica
332 1912 463 1967 capiti
495 1912 900 1966 accommodaretur,
933 1927 1028 1953 cum
1053 1911 1123 1953 vix
1152 1913 1412 1953 manicatam
1443 1912 1553 1954 tuni-

215 1987 308 2013 cam
334 1971 379 2012 in
405 1972 589 2013 lacertos
615 1970 847 2023 induceres,
873 1986 969 2012 cum
995 1970 1189 2025 strophio
1217 1974 1412 2012 accurate
1435 1986 1554 2026 prae-

216 2030 453 2085 cingeiffere
496 2030 540 2070 in
583 2032 673 2070 tam
717 2030 847 2084 longo
894 2029 1034 2083 spatio
1080 2043 1313 2083 numquam
1356 2032 1399 2071 te
1438 2030 1555 2085 Appi

217 2087 369 2130 Claudi
407 2091 607 2143 nepotem
646 2102 738 2129 esse
778 2088 1026 2129 recordatus
1065 2088 1138 2129 es?
1181 2103 1339 2142 nonne,
1384 2088 1554 2130 etiamsi

217 2161 385 2189 omnem
418 2150 605 2187 mentem
637 2147 771 2188 libido
804 2149 1030 2200 averterat,
1062 2148 1206 2187 tamen
1238 2161 1287 2188 ex
1314 2179 1323 2188 .
1348 2180 1357 2188 .
1384 2147 1552 2201 (Non.
1574 2156 1606 2184 3⁵

213 2220 252 2259 p.
284 2208 367 2248 537
397 2206 453 2246 in.
486 2209 522 2246 et
552 2208 644 2247 538.
676 2206 760 2259 11.)

305 2264 373 2305 25.
406 2262 505 2317 Sed,
544 2264 686 2316 credo,
725 2266 954 2319 postquam
987 2264 1206 2319 speculum
1244 2264 1325 2305 tibi
1363 2264 1555 2306 adlatum
