1673 2505
353 91 635 126 POEMATUM.
661 91 704 125 H.
732 91 780 126 lV
806 91 829 125 b
856 103 888 127 ν.
917 96 1112 126 349—422.
1321 92 1405 134 393

69 200 299 242 Posteriora
322 200 475 252 pedum
502 199 658 252 qlabris
688 199 853 251 vesti-qia
885 199 1052 251 linquis,

68 260 156 301 Aut
186 259 371 300 dextrum
402 259 447 298 in
478 258 634 299 stabulo
660 260 821 309 ponunt
850 257 978 298 latus:
1010 256 1114 298 hisce
1145 257 1352 309 maqistris

68 317 204 359 Stivae
233 330 333 369 opus
364 317 563 369 inceptum
594 316 732 366 differt
763 316 975 368 lonqaevus
1005 318 1157 356 arator.

68 375 194 428 Saepe
224 376 346 416 etiam
376 375 539 416 insolito
570 375 727 427 muqitu
750 387 909 427 pascua
939 374 1151 427 complent,

70 433 172 476 Cum
202 433 380 482 stabula,
411 437 449 474 et
477 436 590 474 notos
619 436 802 485 repetunt
831 435 1017 473 armenta
1039 436 1221 486 penates,
1338 443 1405 475 390

68 492 113 535 F
113 493 319 544 loridaque
349 492 502 533 invitae
533 492 754 544 linquentes
776 494 905 545 prata
936 492 1121 532 iuvencae

68 551 176 592 Ante
204 551 314 602 feras
345 551 515 603 cupiunt
543 553 718 591 ventrem
748 553 954 591 saturasse
976 550 1198 602 procellas:

69 609 154 651 Nee
185 609 279 651 levis
310 609 437 650 iliceis
467 609 644 649 nimium
675 622 800 660 capra
831 609 964 650 dedita
995 609 1126 650 ramis

68 667 184 710 Suda
214 671 363 721 monet,
393 668 519 708 multo
549 680 619 708 nee
649 667 896 718 circumfusa
928 668 1009 708 luto
1040 680 1120 709 sus.

69 726 117 769 Si
147 740 279 768 secum
310 727 355 766 in
386 727 541 779 campis
570 726 712 778 ululet,
744 726 926 778 solusque
948 729 1129 778 pererret
1339 736 1406 769 395

69 785 186 826 Arva
216 786 354 838 iqnota
387 785 521 837 lupus,
553 798 669 837 quent
700 785 794 826 dira
824 785 948 837 co'e'qit
977 788 1126 837 egestas

70 844 166 885 Non
196 845 324 885 vitare
354 843 551 895 homines,
577 844 823 896 propiusque
853 844 1031 884 accedere
1060 845 1191 885 suasit

69 903 257 944 Mendico
288 903 479 952 similem,
511 906 547 943 et
576 903 741 955 diqnam
774 902 1004 954 conquirere
1027 903 1244 956 praedam,

72 961 232 1002 Tertius
263 962 470 1014 aequoreis
500 975 591 1002 cum
620 964 754 1014 surqet
783 960 951 1012 Lucifer
981 961 1104 1002 undis

69 1020 258 1061 Horrida
290 1023 499 1072 tempestas
528 1020 676 1061 instat:
708 1019 777 1060 Sic
807 1023 962 1060 caetera
993 1023 1135 1060 cuncta
1340 1031 1407 1061 400

77 1079 269 1131 Ventique
292 1079 549 1131 pluviaeque,
581 1082 618 1119 et
646 1091 786 1119 saevae
815 1079 933 1131 siqna
958 1079 1156 1130 procellae

72 1137 189 1191 Ipsa,
219 1150 430 1189 sequensre
460 1137 560 1186 dies,
592 1140 665 1177 aut
696 1137 814 1178 tertia
842 1137 1000 1188 perficit
1028 1136 1126 1178 Eos.

72 1195 181 1247 Quin
207 1196 329 1236 etiam
351 1208 522 1248 parvos,
553 1196 731 1247 despecta
761 1195 981 1245 animalia,
1012 1209 1146 1236 mures

72 1253 340 1307 Confremere,
371 1257 409 1295 et
439 1254 564 1295 laetas
594 1255 700 1295 visos
730 1255 894 1294 ductare
924 1253 1086 1294 choreas

78 1313 224 1356 Usibus
254 1314 378 1354 edocti
408 1326 490 1354 non
521 1316 783 1365 contempsere
807 1313 985 1365 priores,
1340 1323 1408 1354 405

71 1371 348 1424 Sollicitosque
379 1385 517 1413 canes:
545 1372 703 1425 qemino
727 1373 829 1424 pede
858 1385 957 1412 nam
987 1371 1074 1412 sola
1106 1374 1233 1412 terrae

71 1430 186 1472 Dum
217 1431 331 1472 canis
362 1431 529 1482 infestat
557 1444 697 1472 saevas
720 1431 991 1482 praenuntiat
1020 1443 1158 1471 auras.

74 1489 188 1531 Tunc
219 1490 340 1530 etiam
371 1490 576 1542 aequoreis
605 1490 765 1542 exurqit
795 1488 947 1530 Cancer
978 1489 1028 1530 ab
1058 1490 1198 1542 undis,

72 1548 192 1590 Solus
222 1551 259 1589 et
288 1549 332 1589 in
363 1549 467 1589 sicca
497 1562 629 1589 secum
659 1549 862 1600 spatiatur
892 1561 1033 1589 arena.

71 1607 175 1649 Inde
205 1607 347 1649 domus
376 1607 475 1648 socii
505 1620 639 1648 mures
670 1621 689 1648 e
719 1606 906 1648 mollibus
936 1606 1067 1648 herbis
1342 1617 1410 1648 410

72 1665 326 1718 Componunt
348 1666 519 1719 pedibus
551 1666 681 1718 lectos,
707 1665 969 1718 pluviamque
997 1665 1200 1719 futuram,

79 1723 355 1777 Venturasque
385 1724 542 1778 hyemes
568 1725 748 1778 qaudent
777 1724 931 1765 eludere
964 1724 1127 1765 somnis.

71 1783 188 1825 Haec
217 1797 268 1824 ne
297 1784 513 1836 despicias:
544 1784 613 1824 sed
641 1784 803 1836 siynum
833 1784 997 1836 iunqere
1026 1783 1140 1836 siqno

71 1842 172 1883 Esto
204 1856 370 1894 memor,
397 1843 571 1895 qeminis
601 1856 686 1883 rem
710 1842 1068 1895 praesiqnantibus
1098 1855 1237 1882 unam.

71 1901 171 1954 Spes
201 1901 360 1942 subeat:
393 1902 518 1942 ternis
547 1904 642 1942 rata
672 1902 729 1942 sit
756 1901 909 1953 fiducia
938 1901 1078 1953 siqnis.
1343 1910 1410 1941 415

74 1959 183 2011 Quin
214 1963 252 2001 et
272 1960 493 2013 praeterito
525 1973 782 2012 quaecunque
811 1960 1013 2000 notaveris
1044 1972 1153 2000 anno

73 2018 237 2072 Confer,
268 2022 306 2060 et
335 2018 495 2060 observa
526 2019 637 2071 queis
667 2019 802 2060 sidera
832 2031 1010 2070 quaeque
1040 2018 1177 2059 diebus

71 2077 292 2119 Humanas
319 2077 486 2131 fuqiant
515 2078 641 2127 visus,
670 2077 880 2130 fuqiantve
911 2077 1107 2130 tenebras,

73 2135 225 2187 Quidve
255 2139 414 2178 astrum
444 2139 625 2177 moneat:
656 2150 726 2177 nec
756 2137 811 2177 sit
841 2136 914 2177 tibi
943 2149 1133 2188 quaerere
1163 2136 1330 2188 durum,

73 2194 182 2246 Quid
211 2195 271 2236 vel
301 2196 484 2237 nascenti
506 2196 710 2248 primum,
741 2195 801 2236 vel
830 2198 979 2247 quarta
1009 2195 1167 2236 cadenti
1344 2204 1412 2235 420

71 2253 213 2296 Mense
242 2254 370 2306 ferat‚·
405 2254 508 2295 luces
538 2267 712 2306 namque
741 2253 833 2303 hae,
865 2267 934 2295 ceu
962 2253 1141 2304 vincula,
1174 2266 1325 2294 menses

72 2312 323 2355 Connectunt
347 2313 546 2366 qeiiiiiios,
578 2316 696 2365 atque
726 2315 808 2353 octo
839 2312 1019 2354 noctibus
1050 2311 1185 2354 aether
