1673 2505
358 99 544 134 FACETE
570 98 832 135 DICTORUM.
858 99 900 136 G.
927 110 949 134 a
970 100 1061 134 1—b
1083 105 1115 136 7.
1331 102 1416 143 343

626 204 661 240 b.
701 204 855 239 DICTA.

169 267 203 307 1.
234 264 423 307 Macrob.-
446 263 532 307 Sat.
564 264 624 306 II
649 268 687 307 3.
718 266 775 306 12
805 263 981 318 (Cicero)
1014 265 1064 306 ab
1096 266 1293 307 Androne
1322 280 1416 319 quo·

77 326 172 367 dam
191 323 416 365 Laodiceno
435 323 639 365 salutatus
663 337 753 364 cum
778 337 942 365 causam
968 324 1163 366 adventus
1187 326 1416 377 requisisset

77 382 400 435 comperissetque
428 381 547 435 (nam
585 382 653 423 ille
682 395 723 423 se
760 382 934 435 legatum
965 383 1012 424 de
1049 383 1228 424 libertate
1250 385 1417 436 patriae

43 453 58 479 5
77 441 133 483 ad
168 439 380 482 Caesarem
416 442 567 482 venisse
602 441 844 493 respondit),
886 442 946 481 ita
983 442 1177 494 expressit
1205 442 1415 495 publicam

76 500 325 541 servitutem:
353 494 458 540 Ἐὰν
491 496 707 553 ἐπιτύχῃς,
739 497 811 540 καὶ
842 497 940 551 περὶ
971 495 1098 553 ἡμῶν
1129 500 1415 555 πρέσβευσον.

77 557 126 599 Si
156 558 392 608 obtinueris,
423 561 460 599 et
482 571 562 610 pro
592 558 708 599 nobis
738 558 940 600 intercede.

164 616 202 657 2.
245 616 426 658 Macrob.
464 616 632 658 Saturn.
670 615 731 657 II
760 619 799 658 3.
838 620 864 657 9
907 616 963 657 In
1007 615 1220 659 Caesarem
1263 632 1417 671 quoque

76 675 322 716 mordacitas
346 674 550 716 Ciceronis
579 676 712 716 dentes
742 688 836 716 suos
864 676 1042 717 strinxit.
1092 676 1205 717 Nam
1229 678 1417 730 primum

25 746 58 770 ιο
68 737 164 787 post
185 734 396 775 victoriam
420 733 606 775 Caesaris
631 735 911 787 interroyatus‚
942 747 1014 775 eur
1038 735 1084 775 in
1108 735 1292 777 electione
1314 749 1415 789 par-

76 792 128 834 tis
158 795 341 842 errasset,
371 793 598 845 respondit:
629 791 930 834 Praecinctura
961 807 1029 833 me
1056 792 1233 849 decepit,
1263 796 1418 837 iocatus

75 851 121 892 in
159 849 389 901 Caesarem,
426 852 497 904 qui
533 852 593 892 ita
631 855 721 904 toqa
754 852 1105 905 praecinqebatur‚
1142 856 1189 894 ut
1224 853 1417 895 trahendo

77 909 271 950 laciniam
302 909 409 950 velut
437 910 572 951 mollis
602 911 805 951 incederet.

164 968 202 1009 3.
229 968 412 1010 DIaerob.
443 968 530 1010 Sat.
555 968 616 1010 ΙΙ
633 972 670 1010 3.
695 973 748 1010 10
774 968 875 1011 Cum
901 969 1101 1011 Laberius
1124 970 1169 1011 in
1193 971 1275 1023 fine
1306 971 1416 1012 ludo-

24 1038 55 1064 15
75 1040 170 1068 rum
200 1027 325 1068 anulo
355 1040 478 1068 aureo
503 1027 724 1069 honoratus
754 1042 780 1068 a
807 1027 978 1069 Caesare
1003 1042 1022 1069 e
1045 1030 1207 1081 vestiqio
1235 1030 1278 1070 in
1303 1033 1416 1082 quat-

77 1085 296 1127 tuordecim
326 1085 383 1126 ad
410 1087 671 1139 spectandum
702 1087 868 1127 transiit
898 1087 1045 1127 violato
1077 1088 1227 1138 ordine,
1261 1091 1298 1129 ct
1327 1102 1418 1130 cum

75 1145 313 1185 detrectatus
343 1147 401 1186 est
429 1157 543 1197 eques
572 1144 787 1200 Romanus
816 1148 853 1185 et
876 1146 1100 1187 comminus
1124 1147 1326 1200 remissus,
1358 1148 1419 1188 ait

76 1201 210 1244 Cicero
234 1204 510 1255 praetereunti
539 1203 711 1244 Laberio
742 1207 779 1244 et
807 1204 928 1244 sedile
957 1205 1186 1256 quaerenti:
1220 1204 1418 1260 Recepis-

76 1275 166 1302 sem
198 1263 253 1315 te,
287 1261 372 1302 nisi
403 1264 587 1317 anguste
619 1261 827 1316 sederem,
857 1263 983 1303 simul
1013 1266 1051 1303 et
1079 1263 1198 1305 illum
1228 1277 1418 1316 respuens

23 1332 55 1357 20
75 1323 112 1361 et
153 1320 198 1361 in
240 1333 388 1361 novum
429 1324 615 1362 senatum
652 1322 820 1374 iocatus,
863 1322 979 1363 cuius
1014 1335 1230 1363 numerum
1267 1322 1419 1365 Caesar

74 1392 201 1431 supra
230 1379 298 1430 fas
328 1386 510 1420 auxerat.
571 1379 656 1421 Nee
690 1381 876 1432 impune,·
913 1381 1119 1433 respondit
1154 1382 1262 1422 enim
1292 1382 1417 1423 Labe-

74 1439 184 1479 rius:
224 1437 424 1491 ‘Illirunu
460 1439 498 1480 si
527 1442 695 1491 anquste
723 1439 846 1487 sedes,
884 1440 955 1491 qui
991 1439 1091 1481 soles
1121 1440 1279 1482 duabus
1308 1441 1418 1482 sellis

74 1495 232 1538 sedere?
268 1520 318 1526 —
353 1496 445 1538 Seri.
477 1501 600 1538 contr.
631 1500 696 1539 18.
729 1502 766 1547 9,
798 1497 932 1538 ΙΙΙαον.
972 1497 1066 1539 VII
1089 1501 1127 1539 3.
1160 1502 1199 1541 8.

164 1555 202 1596 4.
236 1555 369 1597 Maer.
402 1555 488 1597 Sat.
512 1556 572 1597 II
591 1559 629 1597 3.
654 1559 706 1597 11
731 1556 848 1598 Idem
873 1555 1009 1597 Cicero
1040 1557 1148 1599 alias
1175 1557 1417 1610 facilitatem

22 1624 56 1650 25
76 1613 265 1656 Caesaris
295 1615 342 1655 in
371 1615 594 1667 adleqando
630 1618 774 1656 senatu
805 1615 941 1656 irrisit
963 1615 1119 1668 palam.
1181 1616 1295 1658 Nam
1326 1631 1418 1658 cum

75 1673 126 1714 ab
157 1672 308 1726 hospite
337 1686 408 1715 suo
433 1673 482 1714 P.
501 1674 653 1715 Mallio
677 1677 899 1727 roqaretur‚
929 1678 977 1715 ut
1002 1675 1309 1717 decurionatum
1329 1677 1417 1729 pri-

74 1732 194 1784 viqno
225 1732 311 1773 eius
340 1733 550 1784 expediret,
581 1733 797 1774 adsistente
824 1733 1054 1785 frequentia
1083 1734 1210 1775 dixit:
1241 1733 1418 1789 Romae,

77 1790 112 1831 si
144 1790 227 1844 vis,
257 1789 455 1844 habebit,
487 1791 704 1846 Pompeiis
738 1791 910 1833 difficile
942 1794 1019 1834 esi).

163 1849 202 1890 ἵ).
233 1850 366 1890 ΙΙΙαον.
399 1849 485 1891 Sat.
516 1849 577 1890 ΙΙ
600 1853 640 1892 3.
671 1853 697 1891 4
734 1850 820 1892 Nee
852 1850 897 1902 Q.
930 1850 1113 1892 Ciceroni
1146 1852 1275 1903 fratri
1312 1852 1418 1893 circa

23 1918 56 1944 30
75 1908 248 1949 similem
273 1909 577 1950 mordacitatem
595 1910 781 1962 pepercit.
826 1909 940 1950 Nam
958 1923 1047 1951 cum
1067 1911 1113 1951 in
1132 1924 1178 1951 ea
1190 1911 1418 1963 provincia,

74 1980 198 2019 quam
228 1967 297 2008 ille
325 1971 502 2020 rexerat,
538 1968 701 2009 vidisset
736 1968 950 2022 clipeatam
986 1969 1207 2022 imaqinem
1237 1970 1324 2011 eius
1354 1970 1418 2010 in—

71 2026 256 2077 qentibus
300 2026 552 2068 liniamentis
593 2040 718 2079 usque
760 2028 816 2068 ad
848 2031 989 2080 pectus
1030 2041 1078 2069 ex
1119 2041 1228 2069 more
1261 2029 1417 2082 pictam

74 2083 183 2136 (erat
216 2088 350 2126 autem
384 2085 561 2136 Quintus
591 2086 677 2138 ipse
713 2089 894 2128 staturae
922 2086 1110 2139 parvae),
1146 2087 1228 2128 ait:
1266 2085 1418 2128 Frater

38 2194 39 2197 Ἴ
75 2157 195 2184 meus
230 2143 430 2185 dimidius
464 2144 601 2185 maior
634 2147 699 2185 esb
733 2159 860 2199 quam
892 2147 1023 2187 totus.

22 2216 55 2242 35
164 2202 202 2257 6,
236 2203 272 2244 7.
313 2202 481 2255 Quintil.
521 2203 589 2245 VI
613 2207 650 2245 3.
682 2206 740 2245 48
758 2217 815 2256 sq.
855 2203 988 2256 Quare
1025 2204 1132 2258 [non
1168 2204 1241 2246 hoe
1277 2204 1418 2259 modo]

66 2274 198 2313 paene
228 2264 266 2302 et
298 2262 435 2314 ipsum
471 2263 641 2304 scurrile
673 2261 877 2304 Ciceronis
910 2266 967 2305 est
995 2264 1040 2304 in
1074 2287 1122 2292 —
1158 2263 1417 2305 Isauricum:

73 2318 224 2374 Miror,
257 2320 359 2374 quid
390 2320 464 2375 sit,
503 2320 616 2375 quod
647 2323 772 2376 pater
802 2323 920 2373 tuus,
954 2321 1083 2363 homo
1117 2321 1417 2364 constantissi-
