1673 2505
405 45 756 82 EPISTULARUM.
783 45 823 81 E.
850 45 901 80 III
928 45 1029 81 7—V
1058 50 1098 79 11
1339 44 1425 86 295

175 182 223 220 V.
267 181 338 219 AD
372 180 656 219 CAESAREM
689 178 953 218 IUNIOREM
985 178 1146 216 EPIST.
1179 178 1278 216 LIB.
1311 179 1341 216 I.

180 273 214 314 1.
247 271 409 313 Nonius
431 285 476 323 p.
500 273 596 313 238.
622 273 652 312 2
682 271 745 312 M.
774 271 934 312 Tullius
964 270 1020 312 ad
1051 269 1261 312 Caesarem
1296 269 1426 310 iunio-

87 345 171 373 rem
202 331 267 372 lib.
298 330 329 370 Ι
333 343 346 370 .·
379 331 421 371 et
454 331 527 370 aut
560 329 612 370 ad
644 330 839 371 consules
873 331 947 370 aut
979 328 1031 370 ad
1064 330 1106 370 te
1139 330 1212 369 aut
1245 327 1298 369 ad
1323 327 1426 368 Bru-

87 393 179 431 tum
211 388 412 442 adissent,
443 388 510 429 his
542 387 682 429 fraudi
714 402 766 429 ne
799 391 929 442 esset,
962 387 1074 441 quod
1107 401 1201 429 cum
1235 386 1425 428 Antonio

52 463 69 488 5
88 448 281 490 fuissent.

176 507 213 548 2.
245 506 353 548 Non.
377 520 421 559 p.
447 508 544 547 239.
574 508 635 547 22
664 509 701 547 et
729 509 823 548 383.
857 509 883 547 7
913 506 975 547 M.
1004 505 1166 546 Tullius
1197 505 1252 546 ad
1282 504 1426 546 Caesa-

85 579 170 607 rem
206 565 407 606 iuniorem
445 565 509 605 lib.
547 563 594 605 I:
638 563 762 619 Roga
798 564 957 619 ipsum,
997 578 1122 618 quem
1162 562 1215 605 ad
1252 562 1425 604 modum

88 637 168 679 ego
201 638 297 665 eum
329 622 515 664 Arimini
549 623 794 678 acceperim.

175 683 212 724 3.
244 682 352 724 Non.
376 696 420 735 p.
451 684 550 724 252.
581 685 634 724 19
665 682 728 723 Μ
762 682 923 723 Tullius
961 682 1017 723 ad
1045 681 1259 723 Caesarem
1296 681 1427 722 iunio-

36 755 68 780 ιο
86 755 170 782 rem
202 742 266 782 lib.
292 741 324 782 I
327 754 341 782 .·
374 741 446 782 sed
478 740 563 783 cito
595 741 808 796 paenituit
840 740 1097 795 domumque
1126 740 1265 794 rediit,
1298 739 1428 781 ceteri

87 800 409 842 cunctabantur.

174 860 213 900 4.
246 860 353 900 Non.
374 873 419 912 p.
444 860 527 900 255
539 872 595 911 sq.
621 859 684 901 M
713 859 874 900 Tullius
905 859 961 900 ad
985 858 1197 900 Caesarem
1229 858 1428 899 iuniorem

87 918 152 959 lib.
183 918 231 959 I:
272 917 498 959 Neminem
536 917 618 958 tibi
655 917 847 972 profecto
884 917 1103 959 hominem
1141 932 1190 959 ex
1230 916 1427 958 omnibus

87 979 161 1018 aut
197 977 537 1032 anteposuissem
575 991 779 1030 umquam
817 978 892 1017 aut
930 976 1059 1018 etiam
1098 989 1428 1031 comparassem.

35 1049 67 1074 15
175 1036 212 1077 5.
246 1036 353 1078 Non.
380 1050 420 1088 p.
445 1038 543 1078 269.
569 1039 599 1077 2
623 1036 685 1076 M.
714 1035 875 1076 Tullius
905 1036 961 1076 ad
985 1035 1198 1077 Caesarem
1229 1035 1428 1076 iuniorem

87 1094 152 1136 lib.
184 1095 232 1136 I:
269 1094 314 1135 in
347 1094 538 1149 singulas
571 1094 741 1149 tegulas
773 1093 990 1148 impositis
1025 1093 1229 1134 sescentis
1263 1107 1428 1134 sescen-

85 1154 168 1195 ties
201 1153 350 1196 confici
380 1167 518 1208 posse.
552 1177 606 1182 —
640 1152 701 1204 Cf.
733 1152 818 1194 Dio
850 1151 960 1194 Cass.
992 1152 1151 1193 XLVI
1176 1155 1241 1194 31.
1272 1156 1310 1194 3.

176 1213 213 1254 6.
246 1213 353 1254 Non.
383 1227 421 1264 2).
452 1215 548 1254 269.
580 1215 635 1253 17
665 1212 728 1253 M.
762 1212 924 1253 Tullius
962 1212 1018 1252 ad
1048 1210 1260 1253 Caesarem
1298 1211 1430 1252 iunio-

86 1285 170 1312 rem
196 1272 261 1313 lib.
286 1271 335 1312 I:
366 1269 550 1324 Bellum,
582 1273 630 1311 ut
656 1270 800 1325 opinio
834 1284 928 1311 mea
958 1269 1058 1324 fert,
1088 1283 1298 1312 consensu
1330 1269 1429 1311 civi—

34 1343 68 1369 20
87 1330 192 1372 tatis
225 1330 466 1372 confectum
496 1330 584 1371 iam
615 1329 883 1370 haberemus.

178 1390 214 1431 7.
252 1389 360 1431 Non.
389 1404 434 1442 p.
464 1392 551 1431 283
568 1402 625 1442 sq.
662 1389 725 1430 M
759 1389 921 1430 Tullius
956 1389 1014 1430 ad
1049 1387 1261 1430 Caesarem
1297 1387 1429 1428 ἱππίο-

86 1462 171 1490 rem
208 1449 273 1490 lib.
310 1448 358 1489 I:
402 1447 468 1489 Ne
506 1462 573 1489 res
612 1447 852 1501 duceretur,
895 1446 1091 1501 fecimus,
1135 1449 1183 1487 ut
1220 1445 1428 1488 Hercules

87 1507 304 1548 Antianus
335 1507 381 1548 in
413 1507 546 1548 alium
577 1507 719 1548 locum
750 1505 1069 1547 transferretur.

177 1567 214 1608 8.
253 1566 361 1608 Non.
392 1581 435 1620 p.
467 1569 563 1609 298.
595 1569 653 1608 20
689 1565 745 1619 (20.
776 1568 874 1607 297.
908 1568 935 1606 7
968 1564 1127 1619 Quich.)
1165 1564 1226 1606 M
1268 1563 1431 1606 Tullius

35 1637 69 1663 25
87 1627 143 1667 ad
166 1624 379 1667 Caesarem
410 1626 611 1667 iuniorem
643 1625 707 1666 lib.
733 1622 781 1665 I:
812 1623 878 1665 Ex
911 1623 1063 1665 ceteris
1096 1625 1240 1665 autem
1267 1623 1431 1678 generi-

86 1684 166 1726 bus
198 1686 300 1726 tunc
331 1684 511 1739 pecunia
543 1683 807 1739 expedietur,
845 1698 941 1724 cum
973 1682 1217 1738 legionibus
1249 1682 1430 1724 victrici-

87 1743 167 1785 bus
201 1745 342 1797 erunt,
376 1758 483 1798 quae
517 1742 842 1798 spopondimus,
874 1741 1170 1797 persolvenda.

177 1802 215 1844 9.
248 1802 355 1844 Non.
379 1816 423 1856 p.
455 1805 552 1844 328.
583 1805 638 1843 18
668 1802 731 1843 Μ
766 1802 928 1843 Tullius
964 1802 1020 1842 acl
1050 1800 1263 1843 Caesarem
1297 1800 1431 1841 iunio-

87 1875 172 1903 rem
209 1861 275 1903 lib.
313 1861 360 1902 1:
406 1861 478 1902 sed
523 1860 636 1915 quod
673 1860 861 1902 viderem
901 1859 1073 1901 nomine
1111 1859 1229 1914 pacis
1267 1858 1431 1900 bellum

36 1931 69 1957 30
89 1920 333 1962 involutum
363 1920 467 1963 fore.

179 1980 244 2021 10.
276 1980 384 2021 Non.
409 1994 452 2032 p.
483 1981 576 2021 356.
602 1982 656 2020 13
685 1979 747 2020 M.
777 1979 938 2020 Tullius
968 1979 1023 2019 ad
1054 1976 1267 2020 Caesarem
1298 1977 1432 2019 iunio-

87 2052 172 2080 rem
215 2038 282 2080 lib.
323 2038 372 2080 I:
403 2038 512 2080 Erat
557 2037 701 2092 opinio
747 2038 860 2078 bona
904 2037 954 2078 (le
997 2036 1179 2091 Planco,
1222 2036 1336 2078 bona
1381 2036 1431 2077 de

87 2096 261 2152 Lepido.

180 2157 244 2198 11.
276 2156 384 2198 Non.
408 2171 452 2209 p.
483 2160 578 2198 371.
612 2161 640 2198 7
670 2156 733 2198 M
768 2156 929 2197 Tullius
965 2155 1021 2196 ad
1051 2153 1264 2197 Caesarem
1298 2154 1429 2195 izmz'o-

35 2224 171 2256 θῶν-εφη
203 2215 267 2256 lib.
298 2215 332 2256 Ι
335 2229 348 2256 .·
385 2218 434 2257 tu
473 2215 509 2256 si
539 2230 680 2256 meam
711 2215 839 2256 fidem
870 2213 1158 2270 praestiteris,
1191 2212 1304 2267 quod
1336 2226 1432 2254 con-

87 2272 172 2315 fido
204 2276 247 2314 te
281 2288 372 2316 esse
402 2274 630 2316 facturum.
