1673 2505
392 69 668 105 PHILOSOPH.
696 69 733 104 F.
762 69 810 104 IV
840 69 940 104 1--V
970 74 1022 104 10.
1293 71 1378 112 313

128 181 167 222 2.
196 178 275 221 C'ic.
306 179 352 220 de
381 179 452 231 fin.
478 178 510 219 I
529 181 565 219 1.
590 181 620 219 2
644 177 931 230 Philosophiae
960 200 1007 205 —
1043 177 1380 230 vituperatoribus

40 240 140 282 satis
176 251 411 291 responsum
448 241 505 278 cst
541 250 584 277 eo
622 237 739 290 libro,
783 249 859 289 quo
903 249 930 276 a
971 234 1086 276 nobis
1122 235 1379 288 philosophici

41 298 204 350 defensa
227 299 265 337 et
287 296 518 337 collaudata
542 298 608 344 est,
639 308 730 336 cum
755 297 854 336 esset
877 297 1066 336 accusata
1091 297 1129 335 et
1151 295 1381 347 vituperata

41 357 91 398 ab
121 355 353 396 Hortensio.

7 425 23 450 5
129 413 167 455 3.
194 412 272 455 Cic.
296 413 409 455 Tusc.
436 411 495 453 II
515 415 554 454 2.
580 415 607 452 4
633 412 722 453 Nos
746 413 958 453 universae
977 411 1257 464 philosophiae
1281 413 1381 452 vitu-

34 472 293 526 peratoribus
323 471 602 524 respondimus
634 471 679 511 in
710 471 942 512 Hortensio.

128 532 167 572 4.
194 530 273 572 Cic.
296 530 412 572 Tusc.
432 529 520 570 III
532 532 571 570 3.
591 532 617 570 6
636 528 700 570 De
724 530 916 571 universa
932 528 1205 582 philosophia,
1230 532 1382 581 quanto

41 603 154 643 opere
178 592 215 630 et
238 589 454 641 expetenda
478 591 575 629 esset
603 591 639 629 et
663 588 837 637 colenda,
868 589 980 638 satis,
1011 591 1058 629 ut
1080 587 1268 640 arbitror,
1301 588 1382 629 die-

42 652 127 690 tum
158 651 215 689 est
243 648 290 688 in
321 647 552 688 Hortensio.

0 718 23 744 ιο
131 706 169 748 5.
201 704 281 748 Cic.
313 705 380 757 off.
411 705 471 746 II
496 708 536 746 2.
569 708 594 746 6
625 705 706 746 Secl
733 705 844 757 haec,
882 718 972 746 cum
1003 706 1059 747 acl
1081 704 1383 758 philosophiam

41 765 308 814 cohortamur,
333 765 562 806 accuratius
588 765 791 817 disputari
815 764 951 814 solent,
976 765 1083 817 quod
1105 765 1187 805 alio
1209 765 1384 817 quodam

42 824 142 866 libro
172 824 356 876 fecimus.

131 883 169 924 6.
202 882 281 925 Cic.
306 883 435 923 Acad.
460 881 521 922 ΙΙ
540 884 579 923 2.
607 885 632 921 6
661 881 710 923 Si
740 883 915 935 quodam
947 883 991 923 in
1024 882 1124 923 libro
1154 895 1241 923 vere
1272 885 1329 923 est
1358 895 1385 922 a

41 942 156 984 nobis
180 941 438 994 philosophia
470 941 656 994 laudata,
689 941 869 993 profecto
900 941 986 982 eius
1019 941 1205 982 tractatio
1237 942 1385 993 optimo

0 1010 23 1037 =5
41 1004 160 1053 atque
190 1001 441 1053 amplissimo
473 1013 625 1052 quoque
654 1000 899 1053 cliynissima
928 1003 993 1041 est.
1180 1052 1184 1057 ,

133 1060 169 1100 7.
206 1059 336 1100 Mart.
375 1057 473 1110 Cap.
518 1058 557 1099 V
587 1061 671 1099 441
708 1072 752 1111 p.
789 1060 884 1099 454.
922 1062 975 1099 19
1012 1058 1156 1099 Halm.
1205 1057 1385 1111 Infinita

41 1119 116 1160 illa
153 1117 372 1170 (quaestio)
408 1120 481 1170 est,
524 1130 626 1169 quae
659 1117 900 1170 yeneraliter
937 1118 1112 1169 quaerit,
1154 1120 1294 1157 utrum
1334 1118 1388 1158 sit

41 1178 202 1230 aliquid
227 1177 504 1229 appetendum,
535 1179 592 1229 ut,
623 1189 680 1216 an
704 1175 1078 1228 philosophandum
1108 1175 1172 1225 sit,
1203 1176 1250 1216 in
1274 1175 1383 1216 Hor-

45 1237 169 1278 tensio
200 1236 444 1288 disputatur.

0 1305 23 1330 το
132 1294 170 1336 8.
203 1294 317 1335 Treb.
348 1293 480 1335 Pollio
513 1292 690 1334 Gallien.
721 1295 790 1335 20.
821 1297 846 1334 1
879 1292 968 1335 Scis
999 1294 1099 1347 ipse,
1131 1293 1230 1335 tales
1261 1292 1388 1334 homi-

41 1367 111 1395 nes
142 1366 233 1394 cum
264 1353 335 1402 iis,
366 1353 437 1405 qui
466 1352 608 1405 aliqua
639 1353 686 1393 ole
715 1353 940 1394 maioribus
970 1366 1107 1394 eorum
1138 1352 1388 1405 scripserint,

41 1416 241 1465 quantum
274 1415 419 1465 yerant
454 1411 616 1461 bellum,
652 1424 724 1452 nee
759 1412 898 1464 iynota
937 1424 1017 1453 esse
1053 1411 1249 1461 arbitror,
1285 1425 1388 1464 quae

42 1472 148 1513 dixit
176 1471 239 1512 M.
274 1470 434 1512 Tullius
465 1471 510 1511 in
540 1469 780 1521 Hortensio,
811 1484 928 1523 quem
958 1471 1014 1511 acl
1042 1470 1268 1523 exemplum
1293 1484 1386 1523 pro-

44 1530 198 1583 treptici
229 1530 402 1582 scripsit.

0 1597 24 1624 25
132 1589 170 1630 9.
202 1589 420 1642 Auyustin.
452 1589 499 1630 cle
529 1588 643 1630 beata
673 1589 757 1629 vita
788 1591 816 1629 4
844 1588 890 1629 Τ.
916 1587 948 1628 Ι
961 1602 1005 1640 p.
1031 1590 1118 1629 223
1137 1587 1249 1640 Dsq.
1282 1588 1386 1629 Ben.

43 1648 236 1700 Antverp.
263 1661 300 1688 a.
326 1650 435 1688 1700
459 1647 549 1700 Eyo
566 1650 784 1701 postquam
809 1648 855 1688 in
879 1646 1014 1688 schola
1038 1646 1210 1688 rhetoris
1236 1646 1386 1688 librum

42 1707 162 1749 illum
201 1705 419 1756 Ciceronis,
462 1707 534 1759 qui
569 1706 818 1748 Hortensius
855 1709 1038 1755 vocatur,
1082 1706 1230 1758 accepi,
1275 1709 1387 1746 tanto

42 1779 180 1807 amore
201 1765 480 1818 philosophiae
511 1778 720 1807 succensus
750 1778 853 1818 sum,
883 1768 931 1806 ut
959 1765 1099 1806 statim
1127 1765 1184 1806 ad
1212 1778 1301 1805 eam
1325 1778 1390 1805 me

46 1824 267 1876 transferre
297 1825 524 1865 meditarer.

0 1893 25 1919 ⁵0
136 1883 200 1924 10.
238 1883 410 1936 Auyust.
449 1882 626 1934 Cor-ifess.
657 1882 746 1923 HJ
770 1886 809 1924 4.
843 1885 870 1924 7
903 1882 948 1923 Τ.
980 1882 1013 1923 Ι
1036 1896 1081 1935 p.
1114 1884 1168 1924 64
1199 1881 1245 1924 D
1281 1882 1386 1923 Ben.

43 1941 236 1994 Antverp.
289 1941 445 1984 Usitato
493 1943 579 1983 iam
627 1942 805 1983 discendi
853 1942 993 1983 ordine
1033 1954 1298 1993 perveneram
1342 1942 1388 1982 in

44 2001 193 2042 librum
236 2002 436 2053 quendam
478 2000 700 2055 Ciceronis,
742 2001 857 2042 cuius
901 2001 1084 2053 linquam
1125 2000 1209 2051 fere
1252 2013 1388 2041 omnes

43 2060 268 2111 mirantur,
290 2063 430 2112 peetus
460 2073 543 2101 non
573 2061 644 2100 ita.
705 2058 787 2101 Sed
816 2060 914 2101 liber
946 2059 1013 2100 ille
1042 2059 1174 2112 ipsius
1204 2058 1387 2100 exhorta-

44 2119 192 2160 tionem
227 2120 402 2160 continet
437 2119 493 2160 acl
518 2118 821 2171 philosophiam
859 2121 896 2159 et
929 2121 1096 2159 vocatur
1125 2117 1387 2159 Hortensius.

0 2186 26 2212 ³5
43 2177 127 2219 Ille
156 2191 246 2220 vero
278 2177 377 2219 liber
407 2179 581 2219 mutavit
615 2177 804 2228 affectum
841 2190 974 2218 meum
1010 2179 1049 2217 et
1082 2177 1138 2219 acl
1174 2180 1209 2218 te
1239 2177 1389 2230 ipsum,

43 2235 238 2287 Domine,
275 2237 450 2278 mutavit
477 2249 615 2290 preces
651 2249 761 2278 meas
800 2239 839 2278 et
867 2239 958 2277 vota
989 2249 1036 2277 ac
1066 2236 1266 2277 desideria
1297 2248 1387 2276 mea

41 2295 138 2346 feeit
166 2295 264 2336 alia.
