1673 2505
425 66 723 104 ORATIONUM.
749 69 792 103 A.
819 67 905 102 XIII
930 71 1091 104 20—33.
1348 69 1434 111 275

96 177 174 229 est,
205 175 333 229 longe
359 177 402 216 te
433 189 459 216 a
483 175 673 229 pulchris
706 175 855 216 abesse
887 175 1071 217 sensisti.
1121 175 1248 229 (Nou.
1273 191 1314 229 p.
1339 181 1432 220 339.

95 236 153 276 23
183 237 220 274 et
249 236 344 275 434.
375 234 464 286 21.)

184 291 252 334 26.
277 290 338 332 At
365 306 470 345 sum,
495 291 647 345 inquit,
674 292 910 334 absolutus.
954 291 1079 333 Novo
1101 293 1271 347 quidem
1290 293 1433 336 hercle

96 364 230 403 more,
263 350 330 391 cui
361 350 434 391 uni
466 350 666 392 absoluto
699 351 797 392 lites
830 350 1083 392 aestimatae
1116 354 1227 392 sunt.

60 421 75 446 5
184 409 251 451 27.
283 407 415 456 Quasi
446 422 526 463 ego
551 423 638 449 non
663 411 888 450 contentus
915 409 1008 464 sim,
1045 410 1156 463 quod
1183 410 1290 451 mihi
1316 411 1434 466 quin-

95 481 175 522 que
213 469 256 508 et
293 467 450 522 viginti
488 467 646 508 iudices
684 468 969 509 crediderunt!
1033 468 1200 509 XXXI
1226 470 1299 510 tibi
1328 470 1435 511 nihil

93 526 357 576 crediderunt,
385 525 457 580 qui
478 528 718 580 sequestres
746 526 822 567 abs
850 529 892 567 te
918 526 1154 581 locupletes
1182 528 1433 583 acceperint.

95 585 165 635 (V,
190 599 232 637 p.
263 587 362 626 276.
394 585 453 637 8.)

183 644 249 684 28.
281 642 529 684 Divortium
560 643 775 697 pontificis
807 643 995 684 maximi.

43 713 74 738 ιο
183 702 250 743 29.
280 700 516 756 Integritas
548 704 624 742 tua
654 703 698 743 te
729 702 953 757 purgavit,
987 702 1092 743 mihi
1124 703 1264 757 crede,
1296 704 1435 759 pudor

94 760 268 815 eripuit,
299 759 391 801 vita
422 763 521 801 ante
554 762 650 801 acta
681 760 881 802 servavit.

182 819 249 861 30.
282 821 486 873 quattuor
517 819 597 860 tibi
625 819 859 860 sententias
888 820 1001 860 solas
1029 819 1081 860 ad
1108 820 1338 874 perniciem
1368 822 1435 862 de-

93 877 238 919 fuisse.

182 936 250 978 31.
281 951 381 977 nam
413 936 459 977 L.
493 936 663 991 quidem
695 935 836 978 Cotta.

42 1007 74 1032 15
182 995 249 1036 32.
281 999 330 1036 ut
359 995 540 1050 posthac
573 995 668 1050 lege
694 994 872 1036 Aurelia
897 995 1022 1036 iudex
1048 1010 1140 1037 esse
1165 1011 1252 1037 non
1282 998 1434 1052 possit.

182 1054 249 1094 33.
287 1053 366 1095 Cic.
403 1055 459 1095 acl
495 1055 579 1094 Aa.
620 1053 653 1094 I
684 1058 748 1095 16.
786 1058 814 1096 8
832 1067 912 1106 sqq.
963 1054 1149 1096 Cloelium
1181 1060 1433 1107 praesentem

90 1113 196 1165 freyi
226 1113 272 1153 in
301 1116 445 1154 senatu
475 1126 566 1154 ciem
597 1114 778 1154 oratione
800 1116 997 1165 perpetua
1022 1113 1265 1165 plenissima
1297 1116 1431 1168 91·αυί-

94 1172 206 1223 tatis,
239 1174 325 1212 tum
354 1171 622 1212 altereatione.
654 1195 711 1200 ——
743 1171 857 1212 Nam
887 1175 933 1212 ut
962 1171 1107 1213 Idibus
1138 1172 1270 1214 Maiis
1301 1175 1346 1214 in
1376 1188 1432 1216 se-

92 1233 236 1271 natum
268 1230 535 1280 convenimus,
565 1233 731 1283 royatus
760 1244 828 1283 eqo
854 1231 1094 1271 sententiam
1119 1231 1249 1272 multa
1275 1233 1363 1274 cle'xi
1387 1234 1434 1274 cle

41 1299 75 1325 20
92 1301 253 1330 summa
289 1302 332 1330 re
360 1288 544 1342 publica,
585 1292 704 1341 atque
741 1289 808 1330 ille
846 1289 953 1330 loeus
990 1290 1179 1331 ‘inductus
1216 1304 1243 1331 a
1280 1305 1341 1332 me
1379 1295 1436 1333 est

92 1347 299 1397 divinitus,
330 1361 380 1389 ne
409 1361 496 1388 una
519 1347 648 1401 playa
678 1351 835 1400 accepta
853 1351 994 1400 patres
1018 1349 1232 1401 conscripti
1257 1351 1433 1392 concide-

93 1409 192 1456 rent,
222 1419 272 1447 ne
302 1407 530 1459 deficerem&
562 1406 710 1447 vulnus
740 1419 820 1448 esse
845 1407 931 1448 eius
955 1408 1076 1457 modi,
1107 1409 1215 1460 quod
1239 1408 1340 1449 milii
1363 1422 1435 1450 nec

93 1465 436 1506 dissimulandum
462 1478 532 1506 vec
548 1465 909 1517 pertimescendum
926 1466 1138 1516 videretur,
1163 1480 1213 1507 226
1231 1471 1305 1508 ant
1323 1468 1432 1520 ἑρπο-

92 1524 224 1565 ranclo
253 1524 485 1565 stultissimi
515 1527 590 1565 aut
617 1525 824 1565 metuendo
854 1525 1110 1577 iynavissimi
1138 1526 1432 1575 &uellem-emur,-

0 1601 2 1613 ·
41 1594 75 1619 25
94 1582 154 1624 bis
178 1582 405 1624 absolutum
430 1596 512 1624 esse
536 1582 767 1636 Lentulum,
794 1583 854 1624 bis
874 1582 1109 1633 Catilinam,
1140 1583 1246 1625 hunc
1271 1586 1432 1626 tertium

93 1641 179 1682 >iavit
209 1654 289 1683 esse
319 1655 346 1682 a
372 1642 570 1683 iudicibus
595 1642 640 1682 in
667 1655 752 1682 reni
770 1641 978 1694 publicam
1006 1643 1255 1684 immissam:
1286 1643 1433 1693 Erras,

94 1697 234 1754 Clodi3
276 1714 363 1742 non
400 1702 442 1741 te
480 1700 639 1741 iudices
682 1700 796 1753 urbi,
842 1701 915 1741 sed
958 1702 1116 1742 carceri
1159 1707 1434 1744 reservarunt

92 1773 229 1812 neque
260 1761 303 1800 te
335 1760 519 1800 retinere
550 1759 595 1800 in
627 1759 819 1813 civitate,
861 1759 934 1800 sed
973 1760 1122 1801 exsilio
1160 1761 1329 1815 privare
1362 1776 1433 1803 vo-

92 1817 276 1858 luerunt.
326 1816 463 1866 Quam
495 1818 549 1859 ob
581 1832 684 1872 rem,
716 1821 860 1872 patres
892 1819 1135 1873 conscripti,
1169 1819 1321 1875 erigite
1347 1821 1433 1862 ani-

58 1887 204 1928 01008,
242 1876 423 1918 retinete
460 1878 651 1917 vestram
690 1876 964 1932 dignitatem3
1007 1880 1153 1918 manet
1190 1879 1268 1919 issa
1306 1879 1351 1920 in
1388 1894 1433 1920 re

91 1935 264 1989 publica
294 1935 504 1977 bonorum
539 1936 779 1988 consensi03
812 1935 934 1976 dolor
961 1937 1140 1977 accessit
1166 1937 1291 1978 bonis
1319 1938 1434 1990 viris,

92 1993 228 2035 virtus
259 2008 347 2035 non
372 1996 438 2035 est
462 1994 707 2047 imminuta3
737 1994 846 2035 nihil
874 1997 939 2035 est
966 1995 1110 2036 damni
1134 1995 1297 2037 factum
1321 1997 1433 2050 novi,

93 2052 184 2105 sed,
222 2053 335 2107 quod
367 2055 476 2105 erat,
513 2053 734 2094 inventum
770 2056 852 2107 est3
890 2053 934 2094 in
965 2054 1090 2095 unius
1122 2054 1309 2096 hominis
1342 2070 1434 2110 per-

93 2110 172 2151 diti
203 2111 357 2153 iudicio
389 2112 534 2166 plures
565 2111 726 2152 similes
752 2113 913 2166 reperti
939 2115 1049 2154 sunt.
1099 2112 1181 2155 Secl
1203 2115 1304 2166 quid
1327 2115 1433 2168 ayo?

58 2179 216 2222 5paene
252 2171 476 2212 orationem
512 2171 557 2211 in
594 2171 809 2224 epistulam
846 2171 1006 2213 inclusi.
1067 2171 1200 2214 Redeo
1231 2174 1288 2215 acl
1316 2174 1434 2215 alter-

92 2229 298 2270 cationem.
366 2228 509 2282 Sumit
543 2229 772 2281 pulchellus
806 2243 929 2282 puer,
972 2230 1091 2272 obicit
1132 2231 1235 2272 milii
1277 2245 1339 2273 me
1381 2233 1438 2272 acl

93 2286 229 2329 Baias
268 2287 408 2340 fuisse.
469 2286 664 2342 Falsum,
709 2288 783 2329 sed
819 2291 964 2333 tamen
1002 2288 1102 2343 quid
1140 2289 1249 2332 hoc?
1296 2290 1434 2331 simile

1153 2357 1222 2392 18³³<
