1663 2490
558 80 659 114 CAP.
690 85 742 121 16.
771 85 824 116 17.
875 84 894 122 ἓ
922 84 1072 116 58—64.
1403 82 1484 124 183

144 190 284 231 iustae
310 188 545 229 amicorum
570 189 817 229 voluntates
844 187 1107 229 adiuvandae
1135 189 1233 241 sint,
1258 189 1303 229 in
1330 190 1484 243 quibus

145 262 291 290 eorum
317 250 392 288 aut
418 249 546 301 caput
572 250 728 301 agatur
755 250 829 288 aut
854 246 982 301 fama,
1014 247 1312 288 declinandum
1340 248 1389 288 de
1415 249 1486 290 via

144 307 218 360 sit,
262 306 388 347 modo
431 319 485 346 ne
525 320 691 346 summa
729 306 952 360 turpitudo
991 309 1213 360 sequatur3
1257 310 1323 347 est
1361 307 1485 361 enim,

145 367 353 420 quatenus
387 364 600 405 amicitiae
633 364 723 405 dari
750 365 874 406 venia
900 364 1048 419 possit.
1099 363 1189 406 Nec
1214 379 1315 406 vero
1341 366 1484 420 negle-

108 438 123 462 5
144 423 284 479 genda
314 426 381 464 est
410 422 539 476 fama,
569 437 646 464 nec
679 423 889 465 mediocre
921 424 1056 465 telum
1089 423 1142 465 ad
1174 438 1241 465 res
1276 424 1484 479 gerendas

143 482 390 524 existimare
423 484 594 536 oportet
626 482 962 524 benivolentiam
995 482 1169 537 civium3
1202 497 1331 537 quam
1363 483 1485 524 blan-

142 541 260 582 ditiis
292 544 335 582 et
367 540 629 582 adsentando
663 541 867 596 colligere
898 544 1023 596 turpe
1056 544 1141 595 est3
1174 541 1324 596 virtus,
1357 556 1484 595 quam

143 600 336 664 sequitur
373 599 548 652 caritas,
585 599 759 640 minime
767 576 1054 666 Drepudianda
1086 603 1162 642 est.
1225 598 1307 642 Sed
1338 599 1484 655 (saepe
1512 612 1553 643 62

143 659 256 699 enim
289 658 414 700 redeo
447 657 500 699 ad
529 633 783 713 Scipionem,
815 659 933 700 cuius
967 659 1105 701 omnis
1137 673 1277 700 sermo
1311 662 1403 700 erat
1435 659 1485 701 de

92 730 124 755 ιο
144 716 353 772 amicitia)
387 717 658 772 querebatur,
691 717 803 771 quod
835 718 1033 759 omnibus
1065 718 1109 759 in
1137 719 1264 760 rebus
1290 718 1485 760 homines

144 776 439 831 diligentiores
472 779 633 830 essent3
673 791 825 831 capras
859 779 901 818 et
933 791 1032 819 oves
1066 780 1172 831 quot
1204 777 1382 831 quisque
1414 777 1485 819 ha-

143 836 281 888 beret,
320 835 457 876 dicere
489 849 633 889 posse,
671 835 831 876 amicos
865 838 970 890 quot
1000 836 1202 889 haberet,
1240 850 1326 878 non
1359 851 1485 891 posse

143 894 292 947 dicere,
325 897 368 935 et
399 894 443 934 in
474 894 561 935 illis
595 894 764 948 quidem
791 895 993 948 parandis
1024 895 1226 936 adhibere
1253 909 1411 949 curam,
1442 895 1487 937 in

143 953 290 994 amicis
335 952 544 1008 eligendis
587 953 858 1008 neglegentis
902 967 995 995 esse
1038 967 1115 995 nec
1159 954 1317 995 habere
1364 954 1488 1008 quasi

91 1023 123 1048 15
142 1012 269 1067 signa
301 1012 510 1066 quaedam
543 1014 586 1053 et
616 1016 755 1066 notas,
787 1012 941 1066 quibus
974 1026 1058 1062 eos,
1091 1012 1164 1066 qui
1195 1012 1247 1053 ad
1274 1013 1486 1054 amicitias

143 1073 285 1112 essent
317 1070 471 1124 idonei,
502 1070 752 1112 iudicarent.
802 1069 911 1112 Sunt
936 1070 1072 1126 igitur
1096 1071 1208 1111 firmi
1238 1074 1280 1112 et
1307 1072 1486 1113 stabiles

142 1132 186 1171 et
222 1132 470 1171 constantes
510 1129 713 1184 eligendi3
754 1129 873 1171 cuius
911 1130 1080 1185 generis
1119 1132 1185 1170 est
1222 1144 1381 1186 magna
1418 1145 1486 1185 pe-

140 1188 276 1230 nuria.
337 1187 396 1229 Et
432 1188 619 1230 iudicare
658 1187 831 1230 difficile
870 1191 935 1229 est
979 1203 1080 1230 sane
1118 1189 1202 1229 nisi
1246 1192 1487 1244 expertum3

142 1246 445 1302 experiendum
489 1250 633 1289 autem
677 1250 743 1288 est
779 1247 824 1288 in
860 1247 956 1302 ipsa
995 1247 1197 1289 amicitia.
1257 1247 1327 1289 Ita
1364 1263 1486 1303 prae—

88 1318 121 1342 20
142 1306 276 1348 currit
314 1306 506 1347 amicitia
543 1306 746 1347 iudicium
780 1306 984 1360 tollitque
1023 1306 1266 1361 experiendi
1296 1310 1485 1362 potesta-

140 1368 240 1406 tem.
301 1364 383 1406 Est
419 1365 555 1420 igitur
592 1365 814 1420 prudentis
853 1366 1063 1406 sustinere
1100 1368 1149 1406 ut
1190 1380 1380 1420 cursum,
1425 1366 1485 1408 sic
1513 1378 1555 1410 63

140 1425 349 1478 impetum
392 1424 729 1478 benivolentiae,
779 1424 810 1477 †
854 1439 936 1479 quo
982 1427 1154 1466 utamur
1199 1425 1323 1480 quasi
1366 1426 1486 1480 equis

141 1483 389 1537 temptatis,
439 1482 500 1524 sic
544 1483 735 1525 amicitia
779 1497 828 1524 ex
874 1484 1019 1538 aliqua
1061 1486 1185 1538 parte
1228 1484 1486 1538 periclitatis

141 1542 333 1583 moribus
372 1542 618 1584 amicorum.
681 1541 863 1590 Quidam
902 1557 1028 1597 saepe
1060 1543 1105 1583 in
1141 1557 1276 1598 parva
1307 1543 1487 1598 pecunia

87 1611 121 1637 2⁵
141 1601 458 1655 perspiciuntur
497 1616 626 1655 quam
665 1601 752 1642 sint
789 1602 925 1655 leves,
963 1601 1136 1655 quidam
1176 1605 1340 1656 autem,
1379 1617 1485 1656 quos

141 1674 276 1714 parva
300 1674 471 1701 movere
496 1674 584 1701 non
609 1660 763 1715 potuit,
789 1663 1107 1715 cognoscuntur
1131 1660 1177 1702 in
1202 1675 1371 1716 magna.
1411 1659 1487 1703 Sin

142 1721 267 1760 erunt
299 1719 432 1773 aliqui
464 1719 636 1773 reperti,
669 1719 741 1773 qui
773 1719 997 1774 pecuniam
1029 1719 1245 1774 praeferre
1272 1720 1487 1762 amicitiae

141 1777 359 1819 sordidum
391 1777 650 1831 existiment,
682 1778 757 1820 ubi
783 1792 855 1819 eos
881 1778 1159 1833 inveniemus,
1191 1779 1264 1833 qui
1289 1779 1486 1833 honores,

140 1837 443 1891 magistratus,
480 1837 678 1892 imperia,
716 1839 972 1892 potestates,
1012 1852 1114 1892 opes
1154 1837 1368 1879 amicitiae
1399 1853 1486 1880 non

87 1906 120 1931 30
141 1898 425 1950 anteponant,
463 1898 529 1950 ut,
570 1911 667 1938 cum
706 1910 756 1937 ex
794 1897 932 1937 altera
968 1899 1092 1951 parte
1124 1897 1350 1951 proposita
1381 1897 1487 1939 haee

140 1954 244 2008 sint,
283 1968 333 1995 ex
365 1955 502 1996 altera
533 1954 599 1996 ius
633 1955 864 2009 amicitiae,
901 1970 990 1996 non
1021 1955 1158 1997 multo
1190 1956 1269 1997 illa
1301 1956 1485 1997 malint?

139 2012 348 2055 Inbecilla
392 2014 505 2055 enim
549 2016 615 2055 est
657 2017 814 2055 natura
855 2014 909 2055 ad
946 2015 1300 2056 contemnendam
1338 2018 1485 2070 poten-

139 2071 264 2126 tiam3
303 2087 431 2126 quam
470 2072 641 2114 etiamsi
677 2073 877 2128 neglecta
915 2073 1105 2115 amicitia
1137 2074 1354 2116 consecuti
1386 2074 1486 2128 sint,

141 2130 453 2172 obscuratum
441 2132 496 2173 iri
523 2132 803 2186 arbitrantur,
831 2132 931 2186 quia
956 2147 1042 2174 non
1069 2132 1159 2174 sine
1180 2147 1338 2188 magna
1359 2147 1486 2174 causa

86 2199 119 2225 ⁸5
141 2189 198 2230 sit
227 2191 427 2245 neglecta
459 2191 660 2233 amicitia.
720 2190 875 2245 Itaque
906 2205 1032 2233 verae
1071 2191 1284 2233 amicitiae
1319 2192 1484 2233 difficil-
1513 2202 1556 2234 64

140 2247 240 2289 lime
266 2249 538 2303 reperiuntur
563 2250 608 2291 in
634 2250 698 2305 iis,
725 2250 798 2304 qui
823 2250 868 2291 in
894 2250 1129 2292 honoribus
1156 2265 1285 2305 reque
1311 2251 1485 2306 publica

139 2310 384 2362 versantur3
433 2309 506 2349 ubi
557 2308 669 2350 enim
714 2309 847 2350 istum
892 2309 1104 2363 invenias,
1154 2310 1227 2364 qui
1276 2310 1485 2351 honorem
