1663 2490
214 84 297 125 130
374 84 437 118 DE
465 82 663 118 OFFICIIS
690 82 777 118 LIB.
805 83 866 118 111.
917 83 1016 117 CAP.
1043 87 1098 118 33.
1149 87 1273 127 §⁶120,
1303 88 1377 118 121.

209 205 301 233 esse
333 191 373 232 ei
404 205 500 232 cum
525 191 750 232 honestate
777 190 1027 231 coniunctio.
1071 189 1196 245 Nam,
1228 193 1276 232 ut
1301 191 1545 234 tribuamus

210 249 372 304 aliquid
402 249 634 304 voluptati,
672 247 933 290 condimenti
962 247 1147 290 fortasse
1177 263 1264 291 non
1294 249 1425 304 nihil,
1466 250 1546 291 uti·

210 308 347 349 litatis
379 310 492 350 certe
523 307 632 348 m'hil
664 307 854 348 habebit.

145 377 204 407 121
298 366 443 408 Habes
477 381 501 407 a
528 368 651 420 patre
679 379 844 417 munus,
869 364 1011 407 Marce
1036 366 1110 416 fili,
1136 380 1231 407 mea
1257 365 1427 420 quidem
1454 380 1544 408 sen·

210 425 347 466 tentia
379 438 594 479 magnum,
627 423 700 464 sed
732 423 904 478 perinde
931 423 1023 477 erit,
1054 426 1103 465 ut
1127 424 1352 479 acceperis.
1391 423 1545 472 Quam·
1582 437 1598 462 5

212 498 340 537 quam
371 483 417 523 hi
448 483 530 523 tibi
566 485 655 523 tres
694 481 794 523 libri
833 482 946 523 inter
977 480 1174 538 Cratippi
1215 483 1546 525 commentarios

212 545 431 595 tamquam
470 541 662 596 hospites
700 543 824 582 erunt
860 540 1108 595 recipiendi3
1146 541 1236 594 sed,
1279 544 1344 595 ut,
1389 542 1425 582 si
1455 541 1547 596 ipse

213 600 422 642 venissem
447 599 642 641 Athenas
675 597 808 654 (quod
837 599 1006 653 quidem
1033 601 1146 640 esset
1171 599 1345 653 factum,
1370 599 1454 641 nisi
1479 614 1547 641 me

211 673 233 699 e
264 658 404 700 medio
430 672 556 700 cursu
582 658 700 699 clara
723 672 826 699 voce
851 657 994 712 patria
1013 656 1288 712 revocasset),
1315 658 1545 712 aliquando

210 731 278 758 me
310 731 478 770 quoque
511 716 696 770 audires,
729 716 806 770 sic,
839 716 1040 770 quoniam
1072 716 1140 757 his
1170 716 1461 758 voluminibus
1493 717 1544 758 ad
1570 730 1600 754 10

210 778 253 815 te
284 775 479 829 profecta
506 789 589 816 vox
615 777 681 816 est
706 789 813 829 mea,
838 775 1002 816 tribues
1027 775 1080 816 iis
1106 775 1312 830 temporis
1340 778 1546 829 quantum

212 833 384 888 poteris,
416 833 579 888 poteris
612 835 767 887 autem,
799 836 1007 887 quantum
1037 833 1168 875 voles.
1215 832 1322 875 Cum
1354 848 1454 875 vero
1486 834 1546 875 in-

210 892 416 933 tellexero
447 894 490 933 te
516 892 596 933 hoc
622 892 824 933 scientiae
845 906 999 947 genere
1025 892 1221 947 gaudere,
1253 895 1345 933 tum
1366 895 1408 933 et
1427 906 1546 946 prae-

211 964 307 991 sens
334 953 476 992 tecum
495 950 754 1005 propediem,
780 953 829 991 ut
854 964 991 1005 spero,
1018 954 1071 1003 et,
1098 950 1198 991 dum
1219 951 1372 1004 aberis,
1392 951 1547 992 absens

211 1009 374 1062 loquar.
426 1008 533 1050 Vale
558 1009 709 1064 igitur,
741 1009 798 1050 mi
828 1007 987 1063 Cicero,
1018 1009 1183 1063 tibique
1214 1010 1422 1064 persuade
1454 1023 1547 1050 esse
1569 1021 1601 1046 15

209 1070 253 1108 te
279 1067 449 1121 quidem
481 1067 587 1108 mihi
619 1067 899 1121 carissimum,
932 1067 1005 1109 sed
1036 1068 1173 1109 multo
1205 1068 1296 1109 fore
1329 1067 1549 1122 cariorem,

210 1125 247 1167 si
275 1126 436 1168 talibus
463 1126 638 1168 monitis
670 1127 994 1181 praeceptisque
1027 1127 1254 1169 laetabere.
