<?xml version="1.0" encoding="UTF-8"?>
<!DOCTYPE html PUBLIC "-//W3C//DTD XHTML 1.0 Transitional//EN"
    "http://www.w3.org/TR/xhtml1/DTD/xhtml1-transitional.dtd">
<html xmlns="http://www.w3.org/1999/xhtml" xml:lang="en" lang="en">
 <head>
  <title>
</title>
<meta http-equiv="Content-Type" content="text/html;charset=utf-8" />
  <meta name='ocr-system' content='tesseract 3.04.00' />
  <meta name='ocr-capabilities' content='ocr_page ocr_carea ocr_par ocr_line ocrx_word'/>
</head>
<body>
  <div class='ocr_page' id='page_1' title='image "./p3scriptaquaemanse04ciceuoft_0236.png"; bbox 0 0 1663 2490; ppageno 0'>
   <div class='ocr_carea' id='block_1_1' title="bbox 117 314 157 344">
    <p class='ocr_par' dir='ltr' id='par_1_1' title="bbox 117 314 157 344">
     <span class='ocr_line' id='line_1_1' title="bbox 117 314 157 344; baseline 0 0"><span class='ocrx_word' id='word_1_1' title='bbox 117 314 157 344; x_wconf 83' lang='lat'>16</span> 
     </span>
    </p>
   </div>
   <div class='ocr_carea' id='block_1_2' title="bbox 120 1491 158 1522">
    <p class='ocr_par' dir='ltr' id='par_1_2' title="bbox 120 1491 158 1522">
     <span class='ocr_line' id='line_1_2' title="bbox 120 1491 158 1522; baseline 0.053 -2"><span class='ocrx_word' id='word_1_2' title='bbox 120 1491 158 1522; x_wconf 80' lang='lat'>18</span> 
     </span>
    </p>
   </div>
   <div class='ocr_carea' id='block_1_3' title="bbox 121 2315 161 2346">
    <p class='ocr_par' dir='ltr' id='par_1_3' title="bbox 121 2315 161 2346">
     <span class='ocr_line' id='line_1_3' title="bbox 121 2315 161 2346; baseline 0.025 -1"><span class='ocrx_word' id='word_1_3' title='bbox 121 2315 161 2346; x_wconf 74' lang='lat'>19</span> 
     </span>
    </p>
   </div>
   <div class='ocr_carea' id='block_1_4' title="bbox 186 79 1122 121">
    <p class='ocr_par' dir='ltr' id='par_1_4' title="bbox 186 79 1122 121">
     <span class='ocr_line' id='line_1_4' title="bbox 186 79 1122 121; baseline -0.005 -2"><span class='ocrx_word' id='word_1_4' title='bbox 186 79 268 121; x_wconf 88' lang='grc'>168</span> <span class='ocrx_word' id='word_1_5' title='bbox 584 79 787 115; x_wconf 82' lang='lat' dir='ltr'>LAELIUS</span> <span class='ocrx_word' id='word_1_6' title='bbox 812 79 877 114; x_wconf 85' lang='lat' dir='ltr'>DE</span> <span class='ocrx_word' id='word_1_7' title='bbox 902 79 1122 115; x_wconf 81' lang='lat' dir='ltr'>AMICITIA</span> 
     </span>
    </p>
   </div>
   <div class='ocr_carea' id='block_1_5' title="bbox 182 186 1527 2358">
    <p class='ocr_par' dir='ltr' id='par_1_5' title="bbox 183 186 1520 300">
     <span class='ocr_line' id='line_1_5' title="bbox 183 186 1520 242; baseline 0.001 -14"><span class='ocrx_word' id='word_1_8' title='bbox 183 201 283 229; x_wconf 87' lang='lat' dir='ltr'>nere</span> <span class='ocrx_word' id='word_1_9' title='bbox 315 201 488 242; x_wconf 87' lang='lat' dir='ltr'>sperare</span> <span class='ocrx_word' id='word_1_10' title='bbox 525 187 671 229; x_wconf 87' lang='lat' dir='ltr'>videor</span> <span class='ocrx_word' id='word_1_11' title='bbox 703 186 913 242; x_wconf 77' lang='lat' dir='ltr'>Scipionis</span> <span class='ocrx_word' id='word_1_12' title='bbox 954 192 998 228; x_wconf 89' lang='lat' dir='ltr'>et</span> <span class='ocrx_word' id='word_1_13' title='bbox 1029 187 1148 229; x_wconf 89' lang='lat' dir='ltr'>Laeli</span> <span class='ocrx_word' id='word_1_14' title='bbox 1180 188 1414 230; x_wconf 76' lang='lat' dir='ltr'>amicitiam</span> <span class='ocrx_word' id='word_1_15' title='bbox 1450 202 1520 230; x_wconf 92' lang='lat' dir='ltr'>no-</span> 
     </span>
     <span class='ocr_line' id='line_1_6' title="bbox 183 245 686 300; baseline -0.002 -13"><span class='ocrx_word' id='word_1_16' title='bbox 183 248 274 288; x_wconf 85' lang='lat' dir='ltr'>tam</span> <span class='ocrx_word' id='word_1_17' title='bbox 305 245 553 300; x_wconf 84' lang='lat' dir='ltr'>posteritati</span> <span class='ocrx_word' id='word_1_18' title='bbox 583 245 686 287; x_wconf 87' lang='lat' dir='ltr'>fore.</span> 
     </span>
    </p>

    <p class='ocr_par' dir='ltr' id='par_1_6' title="bbox 183 303 1520 652">
     <span class='ocr_line' id='line_1_7' title="bbox 270 303 1518 358; baseline 0 -12"><span class='ocrx_word' id='word_1_19' title='bbox 270 304 467 348; x_wconf 67' lang='lat' dir='ltr'>FANNms.</span> <span class='ocrx_word' id='word_1_20' title='bbox 517 304 634 345; x_wconf 90' lang='lat' dir='ltr'>Istuc</span> <span class='ocrx_word' id='word_1_21' title='bbox 666 303 849 358; x_wconf 85' lang='lat' dir='ltr'>quidem,</span> <span class='ocrx_word' id='word_1_22' title='bbox 879 303 1013 357; x_wconf 87' lang='lat' dir='ltr'>Laeli,</span> <span class='ocrx_word' id='word_1_23' title='bbox 1038 305 1100 345; x_wconf 88' lang='lat' dir='ltr'>ita</span> <span class='ocrx_word' id='word_1_24' title='bbox 1125 319 1296 347; x_wconf 90' lang='lat' dir='ltr'>necesse</span> <span class='ocrx_word' id='word_1_25' title='bbox 1323 307 1399 347; x_wconf 85' lang='lat' dir='ltr'>est.</span> <span class='ocrx_word' id='word_1_26' title='bbox 1437 304 1518 346; x_wconf 92' lang='lat' dir='ltr'>Sed</span> 
     </span>
     <span class='ocr_line' id='line_1_8' title="bbox 185 361 1518 417; baseline -0.001 -12"><span class='ocrx_word' id='word_1_27' title='bbox 185 363 387 417; x_wconf 89' lang='lat' dir='ltr'>quoniam</span> <span class='ocrx_word' id='word_1_28' title='bbox 418 363 633 405; x_wconf 72' lang='lat' dir='ltr'>amicitiae</span> <span class='ocrx_word' id='word_1_29' title='bbox 664 362 926 403; x_wconf 77' lang='lat' dir='ltr'>mentionem</span> <span class='ocrx_word' id='word_1_30' title='bbox 955 361 1098 404; x_wconf 75' lang='lat' dir='ltr'>fecisti</span> <span class='ocrx_word' id='word_1_31' title='bbox 1129 365 1173 404; x_wconf 87' lang='lat' dir='ltr'>et</span> <span class='ocrx_word' id='word_1_32' title='bbox 1204 378 1349 406; x_wconf 90' lang='lat' dir='ltr'>sumus</span> <span class='ocrx_word' id='word_1_33' title='bbox 1380 363 1518 414; x_wconf 89' lang='lat' dir='ltr'>otiosi,</span> 
     </span>
     <span class='ocr_line' id='line_1_9' title="bbox 183 419 1520 478; baseline 0 -15"><span class='ocrx_word' id='word_1_34' title='bbox 183 425 434 478; x_wconf 83' lang='lat' dir='ltr'>pergratum</span> <span class='ocrx_word' id='word_1_35' title='bbox 466 421 573 462; x_wconf 88' lang='lat' dir='ltr'>mihi</span> <span class='ocrx_word' id='word_1_36' title='bbox 597 420 761 475; x_wconf 81' lang='lat' dir='ltr'>feceris,</span> <span class='ocrx_word' id='word_1_37' title='bbox 786 435 910 475; x_wconf 88' lang='lat' dir='ltr'>spero</span> <span class='ocrx_word' id='word_1_38' title='bbox 936 420 1040 462; x_wconf 89' lang='lat' dir='ltr'>item</span> <span class='ocrx_word' id='word_1_39' title='bbox 1061 419 1300 477; x_wconf 79' lang='lat' dir='ltr'>Scaevolae,</span> <span class='ocrx_word' id='word_1_40' title='bbox 1326 423 1374 476; x_wconf 90' lang='lat' dir='ltr'>si,</span> <span class='ocrx_word' id='word_1_41' title='bbox 1395 436 1520 476; x_wconf 89' lang='lat' dir='ltr'>quem</span> 
     </span>
     <span class='ocr_line' id='line_1_10' title="bbox 184 479 1520 535; baseline 0 -13"><span class='ocrx_word' id='word_1_42' title='bbox 184 481 237 522; x_wconf 84' lang='lat' dir='ltr'>ad</span> <span class='ocrx_word' id='word_1_43' title='bbox 268 481 441 523; x_wconf 88' lang='lat' dir='ltr'>modum</span> <span class='ocrx_word' id='word_1_44' title='bbox 474 480 586 522; x_wconf 89' lang='lat' dir='ltr'>soles</span> <span class='ocrx_word' id='word_1_45' title='bbox 628 479 678 520; x_wconf 90' lang='lat' dir='ltr'>de</span> <span class='ocrx_word' id='word_1_46' title='bbox 716 479 868 521; x_wconf 86' lang='lat' dir='ltr'>ceteris</span> <span class='ocrx_word' id='word_1_47' title='bbox 902 480 1048 531; x_wconf 85' lang='lat' dir='ltr'>rebus,</span> <span class='ocrx_word' id='word_1_48' title='bbox 1080 494 1209 534; x_wconf 90' lang='lat' dir='ltr'>quom</span> <span class='ocrx_word' id='word_1_49' title='bbox 1241 496 1290 523; x_wconf 86' lang='lat' dir='ltr'>ex</span> <span class='ocrx_word' id='word_1_50' title='bbox 1322 485 1364 522; x_wconf 87' lang='lat' dir='ltr'>te</span> <span class='ocrx_word' id='word_1_51' title='bbox 1397 495 1520 535; x_wconf 82' lang='lat' dir='ltr'>quae·</span> 
     </span>
     <span class='ocr_line' id='line_1_11' title="bbox 183 538 1518 595; baseline 0.001 -15"><span class='ocrx_word' id='word_1_52' title='bbox 183 542 347 593; x_wconf 76' lang='lat' dir='ltr'>runtur,</span> <span class='ocrx_word' id='word_1_53' title='bbox 378 539 439 581; x_wconf 90' lang='lat' dir='ltr'>sic</span> <span class='ocrx_word' id='word_1_54' title='bbox 471 538 522 580; x_wconf 87' lang='lat' dir='ltr'>de</span> <span class='ocrx_word' id='word_1_55' title='bbox 547 538 738 580; x_wconf 86' lang='lat' dir='ltr'>amicitia</span> <span class='ocrx_word' id='word_1_56' title='bbox 764 538 996 593; x_wconf 86' lang='lat' dir='ltr'>disputaris</span> <span class='ocrx_word' id='word_1_57' title='bbox 1024 539 1126 593; x_wconf 87' lang='lat' dir='ltr'>quid</span> <span class='ocrx_word' id='word_1_58' title='bbox 1152 539 1324 594; x_wconf 85' lang='lat' dir='ltr'>sentias,</span> <span class='ocrx_word' id='word_1_59' title='bbox 1351 540 1518 595; x_wconf 88' lang='lat' dir='ltr'>qualem</span> 
     </span>
     <span class='ocr_line' id='line_1_12' title="bbox 184 597 942 652; baseline -0.003 -13"><span class='ocrx_word' id='word_1_60' title='bbox 184 598 427 652; x_wconf 82' lang='lat' dir='ltr'>existumes,</span> <span class='ocrx_word' id='word_1_61' title='bbox 459 611 567 652; x_wconf 90' lang='lat' dir='ltr'>quae</span> <span class='ocrx_word' id='word_1_62' title='bbox 598 599 828 652; x_wconf 88' lang='lat' dir='ltr'>praecepta</span> <span class='ocrx_word' id='word_1_63' title='bbox 859 597 942 638; x_wconf 90' lang='lat' dir='ltr'>des.</span> 
     </span>
    </p>

    <p class='ocr_par' dir='ltr' id='par_1_7' title="bbox 183 655 1521 829">
     <span class='ocr_line' id='line_1_13' title="bbox 271 655 1521 711; baseline -0.001 -12"><span class='ocrx_word' id='word_1_64' title='bbox 271 657 489 699; x_wconf 76' lang='lat' dir='ltr'><strong><em>SGAEVOLA.</em></strong></span> <span class='ocrx_word' id='word_1_65' title='bbox 543 655 651 697; x_wconf 88' lang='lat' dir='ltr'>Mihi</span> <span class='ocrx_word' id='word_1_66' title='bbox 682 670 782 697; x_wconf 84' lang='lat' dir='ltr'>vero</span> <span class='ocrx_word' id='word_1_67' title='bbox 809 655 891 697; x_wconf 87' lang='lat' dir='ltr'>erit</span> <span class='ocrx_word' id='word_1_68' title='bbox 923 658 1114 711; x_wconf 76' lang='lat' dir='ltr'>gratum3</span> <span class='ocrx_word' id='word_1_69' title='bbox 1145 659 1274 710; x_wconf 90' lang='lat' dir='ltr'>atque</span> <span class='ocrx_word' id='word_1_70' title='bbox 1304 657 1349 698; x_wconf 86' lang='lat' dir='ltr'>id</span> <span class='ocrx_word' id='word_1_71' title='bbox 1378 657 1521 711; x_wconf 88' lang='lat' dir='ltr'>ipsum</span> 
     </span>
     <span class='ocr_line' id='line_1_14' title="bbox 183 713 1519 770; baseline 0.001 -14"><span class='ocrx_word' id='word_1_72' title='bbox 183 730 279 757; x_wconf 92' lang='lat' dir='ltr'>cum</span> <span class='ocrx_word' id='word_1_73' title='bbox 311 717 454 757; x_wconf 88' lang='lat' dir='ltr'>tecum</span> <span class='ocrx_word' id='word_1_74' title='bbox 485 728 613 770; x_wconf 83' lang='lat' dir='ltr'>agere</span> <span class='ocrx_word' id='word_1_75' title='bbox 644 728 839 768; x_wconf 88' lang='lat' dir='ltr'>conarer,</span> <span class='ocrx_word' id='word_1_76' title='bbox 870 713 1058 756; x_wconf 86' lang='lat' dir='ltr'>Fannius</span> <span class='ocrx_word' id='word_1_77' title='bbox 1092 715 1338 757; x_wconf 84' lang='lat' dir='ltr'>antevortit.</span> <span class='ocrx_word' id='word_1_78' title='bbox 1381 714 1519 764; x_wconf 83' lang='lat' dir='ltr'>Quam</span> 
     </span>
     <span class='ocr_line' id='line_1_15' title="bbox 183 773 1452 829; baseline -0.001 -13"><span class='ocrx_word' id='word_1_79' title='bbox 183 775 239 816; x_wconf 90' lang='lat' dir='ltr'>ob</span> <span class='ocrx_word' id='word_1_80' title='bbox 271 788 361 815; x_wconf 88' lang='lat' dir='ltr'>rem</span> <span class='ocrx_word' id='word_1_81' title='bbox 392 773 564 828; x_wconf 86' lang='lat' dir='ltr'>utrique</span> <span class='ocrx_word' id='word_1_82' title='bbox 594 775 792 815; x_wconf 78' lang='lat' dir='ltr'>nostrum</span> <span class='ocrx_word' id='word_1_83' title='bbox 825 776 998 829; x_wconf 84' lang='lat' dir='ltr'>gratum</span> <span class='ocrx_word' id='word_1_84' title='bbox 1029 773 1259 815; x_wconf 83' lang='lat' dir='ltr'>admodum</span> <span class='ocrx_word' id='word_1_85' title='bbox 1288 773 1452 815; x_wconf 88' lang='lat' dir='ltr'>feceris.</span> 
     </span>
    </p>

    <p class='ocr_par' dir='ltr' id='par_1_8' title="bbox 182 831 1527 2358">
     <span class='ocr_line' id='line_1_16' title="bbox 271 831 1522 888; baseline -0.001 -13"><span class='ocrx_word' id='word_1_86' title='bbox 271 833 463 875; x_wconf 48' lang='lat' dir='ltr'>Lamus.</span> <span class='ocrx_word' id='word_1_87' title='bbox 522 831 619 888; x_wconf 85' lang='lat' dir='ltr'>Ego</span> <span class='ocrx_word' id='word_1_88' title='bbox 667 847 769 873; x_wconf 85' lang='lat' dir='ltr'>vero</span> <span class='ocrx_word' id='word_1_89' title='bbox 806 846 893 873; x_wconf 90' lang='lat' dir='ltr'>non</span> <span class='ocrx_word' id='word_1_90' title='bbox 931 846 1151 887; x_wconf 74' lang='lat' dir='ltr'>gravarer,</span> <span class='ocrx_word' id='word_1_91' title='bbox 1202 832 1239 874; x_wconf 91' lang='lat' dir='ltr'>si</span> <span class='ocrx_word' id='word_1_92' title='bbox 1281 832 1388 874; x_wconf 88' lang='lat' dir='ltr'>mihi</span> <span class='ocrx_word' id='word_1_93' title='bbox 1429 832 1522 888; x_wconf 85' lang='lat' dir='ltr'>ipse</span> 
     </span>
     <span class='ocr_line' id='line_1_17' title="bbox 184 891 1522 946; baseline -0.001 -13"><span class='ocrx_word' id='word_1_94' title='bbox 184 891 457 945; x_wconf 79' lang='lat' dir='ltr'>confiderem3</span> <span class='ocrx_word' id='word_1_95' title='bbox 499 905 601 933; x_wconf 89' lang='lat' dir='ltr'>nam</span> <span class='ocrx_word' id='word_1_96' title='bbox 639 894 683 932; x_wconf 90' lang='lat' dir='ltr'>et</span> <span class='ocrx_word' id='word_1_97' title='bbox 717 891 940 946; x_wconf 85' lang='lat' dir='ltr'>praeclara</span> <span class='ocrx_word' id='word_1_98' title='bbox 977 905 1044 932; x_wconf 85' lang='lat' dir='ltr'>res</span> <span class='ocrx_word' id='word_1_99' title='bbox 1083 893 1149 932; x_wconf 89' lang='lat' dir='ltr'>est</span> <span class='ocrx_word' id='word_1_100' title='bbox 1185 894 1229 932; x_wconf 90' lang='lat' dir='ltr'>et</span> <span class='ocrx_word' id='word_1_101' title='bbox 1265 905 1430 945; x_wconf 83' lang='lat' dir='ltr'>sumus,</span> <span class='ocrx_word' id='word_1_102' title='bbox 1474 894 1522 933; x_wconf 88' lang='lat' dir='ltr'>ut</span> 
     </span>
     <span class='ocr_line' id='line_1_18' title="bbox 184 947 1523 1005; baseline -0.001 -13"><span class='ocrx_word' id='word_1_103' title='bbox 184 950 291 992; x_wconf 80' lang='lat' dir='ltr'>dixit</span> <span class='ocrx_word' id='word_1_104' title='bbox 321 949 524 1003; x_wconf 83' lang='lat' dir='ltr'>Fannius,</span> <span class='ocrx_word' id='word_1_105' title='bbox 557 950 698 992; x_wconf 89' lang='lat' dir='ltr'>otiosi.</span> <span class='ocrx_word' id='word_1_106' title='bbox 742 947 824 991; x_wconf 92' lang='lat' dir='ltr'>Sed</span> <span class='ocrx_word' id='word_1_107' title='bbox 845 950 938 1004; x_wconf 86' lang='lat' dir='ltr'>quis</span> <span class='ocrx_word' id='word_1_108' title='bbox 966 964 1045 1005; x_wconf 84' lang='lat' dir='ltr'>ego</span> <span class='ocrx_word' id='word_1_109' title='bbox 1072 950 1196 991; x_wconf 76' lang='lat' dir='ltr'>sum?</span> <span class='ocrx_word' id='word_1_110' title='bbox 1229 953 1304 992; x_wconf 87' lang='lat' dir='ltr'>aut</span> <span class='ocrx_word' id='word_1_111' title='bbox 1322 965 1431 1004; x_wconf 87' lang='lat' dir='ltr'>quae</span> <span class='ocrx_word' id='word_1_112' title='bbox 1456 953 1523 991; x_wconf 89' lang='lat' dir='ltr'>est</span> 
     </span>
     <span class='ocr_line' id='line_1_19' title="bbox 183 1008 1521 1063; baseline 0.001 -13"><span class='ocrx_word' id='word_1_113' title='bbox 183 1009 227 1050; x_wconf 89' lang='lat' dir='ltr'>in</span> <span class='ocrx_word' id='word_1_114' title='bbox 258 1024 326 1050; x_wconf 90' lang='lat' dir='ltr'>me</span> <span class='ocrx_word' id='word_1_115' title='bbox 356 1009 572 1051; x_wconf 78' lang='lat' dir='ltr'>facultas?</span> <span class='ocrx_word' id='word_1_116' title='bbox 605 1009 828 1050; x_wconf 88' lang='lat' dir='ltr'>doctorum</span> <span class='ocrx_word' id='word_1_117' title='bbox 860 1011 926 1050; x_wconf 87' lang='lat' dir='ltr'>est</span> <span class='ocrx_word' id='word_1_118' title='bbox 956 1008 1042 1050; x_wconf 80' lang='lat' dir='ltr'>ista</span> <span class='ocrx_word' id='word_1_119' title='bbox 1072 1009 1347 1063; x_wconf 84' lang='lat' dir='ltr'>consuetudo,</span> <span class='ocrx_word' id='word_1_120' title='bbox 1388 1023 1521 1063; x_wconf 80' lang='lat' dir='ltr'>eaque</span> 
     </span>
     <span class='ocr_line' id='line_1_20' title="bbox 185 1067 1522 1123; baseline 0 -14"><span class='ocrx_word' id='word_1_121' title='bbox 185 1067 459 1123; x_wconf 84' lang='lat' dir='ltr'>Graecorum,</span> <span class='ocrx_word' id='word_1_122' title='bbox 490 1070 539 1109; x_wconf 87' lang='lat' dir='ltr'>ut</span> <span class='ocrx_word' id='word_1_123' title='bbox 569 1067 622 1109; x_wconf 90' lang='lat' dir='ltr'>iis</span> <span class='ocrx_word' id='word_1_124' title='bbox 653 1070 851 1122; x_wconf 81' lang='lat' dir='ltr'>ponatur,</span> <span class='ocrx_word' id='word_1_125' title='bbox 883 1067 933 1109; x_wconf 90' lang='lat' dir='ltr'>de</span> <span class='ocrx_word' id='word_1_126' title='bbox 960 1082 1044 1122; x_wconf 91' lang='lat' dir='ltr'>quo</span> <span class='ocrx_word' id='word_1_127' title='bbox 1080 1067 1298 1123; x_wconf 85' lang='lat' dir='ltr'>disputent</span> <span class='ocrx_word' id='word_1_128' title='bbox 1326 1068 1522 1122; x_wconf 86' lang='lat' dir='ltr'>quamvis</span> 
     </span>
     <span class='ocr_line' id='line_1_21' title="bbox 185 1127 1522 1182; baseline 0 -14"><span class='ocrx_word' id='word_1_129' title='bbox 185 1127 347 1181; x_wconf 84' lang='lat' dir='ltr'>subito3</span> <span class='ocrx_word' id='word_1_130' title='bbox 391 1141 596 1182; x_wconf 84' lang='lat' dir='ltr'>magnum</span> <span class='ocrx_word' id='word_1_131' title='bbox 634 1141 740 1181; x_wconf 89' lang='lat' dir='ltr'>opus</span> <span class='ocrx_word' id='word_1_132' title='bbox 780 1128 846 1167; x_wconf 87' lang='lat' dir='ltr'>est</span> <span class='ocrx_word' id='word_1_133' title='bbox 883 1129 1065 1181; x_wconf 80' lang='lat' dir='ltr'>egetque</span> <span class='ocrx_word' id='word_1_134' title='bbox 1102 1127 1405 1168; x_wconf 84' lang='lat' dir='ltr'>exercitatione</span> <span class='ocrx_word' id='word_1_135' title='bbox 1436 1141 1522 1168; x_wconf 89' lang='lat' dir='ltr'>non</span> 
     </span>
     <span class='ocr_line' id='line_1_22' title="bbox 182 1185 1522 1241; baseline 0 -14"><span class='ocrx_word' id='word_1_136' title='bbox 182 1201 328 1241; x_wconf 84' lang='lat' dir='ltr'>parva.</span> <span class='ocrx_word' id='word_1_137' title='bbox 372 1185 509 1234; x_wconf 83' lang='lat' dir='ltr'>Quam</span> <span class='ocrx_word' id='word_1_138' title='bbox 542 1186 596 1226; x_wconf 90' lang='lat' dir='ltr'>ob</span> <span class='ocrx_word' id='word_1_139' title='bbox 628 1200 731 1239; x_wconf 85' lang='lat' dir='ltr'>rem,</span> <span class='ocrx_word' id='word_1_140' title='bbox 763 1199 872 1239; x_wconf 87' lang='lat' dir='ltr'>quae</span> <span class='ocrx_word' id='word_1_141' title='bbox 898 1185 1109 1239; x_wconf 86' lang='lat' dir='ltr'>disputari</span> <span class='ocrx_word' id='word_1_142' title='bbox 1135 1185 1186 1226; x_wconf 91' lang='lat' dir='ltr'>de</span> <span class='ocrx_word' id='word_1_143' title='bbox 1213 1185 1403 1227; x_wconf 84' lang='lat' dir='ltr'>amicitia</span> <span class='ocrx_word' id='word_1_144' title='bbox 1426 1200 1522 1241; x_wconf 85' lang='lat' dir='ltr'>pos-</span> 
     </span>
     <span class='ocr_line' id='line_1_23' title="bbox 183 1244 1521 1300; baseline 0 -14"><span class='ocrx_word' id='word_1_145' title='bbox 183 1247 301 1299; x_wconf 83' lang='lat' dir='ltr'>sunt,</span> <span class='ocrx_word' id='word_1_146' title='bbox 339 1245 393 1286; x_wconf 87' lang='lat' dir='ltr'>ab</span> <span class='ocrx_word' id='word_1_147' title='bbox 426 1244 486 1285; x_wconf 83' lang='lat' dir='ltr'>eis</span> <span class='ocrx_word' id='word_1_148' title='bbox 520 1258 669 1286; x_wconf 88' lang='lat' dir='ltr'>censeo</span> <span class='ocrx_word' id='word_1_149' title='bbox 702 1244 873 1299; x_wconf 84' lang='lat' dir='ltr'>petatis,</span> <span class='ocrx_word' id='word_1_150' title='bbox 907 1244 979 1298; x_wconf 83' lang='lat' dir='ltr'>qui</span> <span class='ocrx_word' id='word_1_151' title='bbox 1010 1245 1095 1285; x_wconf 84' lang='lat' dir='ltr'>ista</span> <span class='ocrx_word' id='word_1_152' title='bbox 1126 1244 1401 1299; x_wconf 79' lang='lat' dir='ltr'>profitentur3</span> <span class='ocrx_word' id='word_1_153' title='bbox 1441 1258 1521 1300; x_wconf 83' lang='lat' dir='ltr'>ego</span> 
     </span>
     <span class='ocr_line' id='line_1_24' title="bbox 182 1303 1522 1357; baseline 0 -12"><span class='ocrx_word' id='word_1_154' title='bbox 182 1318 259 1346; x_wconf 85' lang='lat' dir='ltr'>vos</span> <span class='ocrx_word' id='word_1_155' title='bbox 296 1303 464 1345; x_wconf 87' lang='lat' dir='ltr'>hortari</span> <span class='ocrx_word' id='word_1_156' title='bbox 504 1305 675 1344; x_wconf 85' lang='lat' dir='ltr'>tantum</span> <span class='ocrx_word' id='word_1_157' title='bbox 717 1317 911 1357; x_wconf 87' lang='lat' dir='ltr'>possum,</span> <span class='ocrx_word' id='word_1_158' title='bbox 954 1305 1003 1344; x_wconf 88' lang='lat' dir='ltr'>ut</span> <span class='ocrx_word' id='word_1_159' title='bbox 1046 1303 1280 1344; x_wconf 86' lang='lat' dir='ltr'>amicitiam</span> <span class='ocrx_word' id='word_1_160' title='bbox 1324 1303 1522 1345; x_wconf 88' lang='lat' dir='ltr'>omnibus</span> 
     </span>
     <span class='ocr_line' id='line_1_25' title="bbox 182 1361 1523 1416; baseline -0.001 -12"><span class='ocrx_word' id='word_1_161' title='bbox 182 1363 310 1404; x_wconf 87' lang='lat' dir='ltr'>rebus</span> <span class='ocrx_word' id='word_1_162' title='bbox 336 1361 536 1403; x_wconf 86' lang='lat' dir='ltr'>humanis</span> <span class='ocrx_word' id='word_1_163' title='bbox 557 1362 849 1416; x_wconf 68' lang='lat' dir='ltr'>anteponatis,</span> <span class='ocrx_word' id='word_1_164' title='bbox 879 1361 989 1402; x_wconf 88' lang='lat' dir='ltr'>nihil</span> <span class='ocrx_word' id='word_1_165' title='bbox 1009 1364 1076 1403; x_wconf 87' lang='lat' dir='ltr'>est</span> <span class='ocrx_word' id='word_1_166' title='bbox 1095 1361 1208 1403; x_wconf 89' lang='lat' dir='ltr'>enim</span> <span class='ocrx_word' id='word_1_167' title='bbox 1229 1364 1320 1403; x_wconf 90' lang='lat' dir='ltr'>tam</span> <span class='ocrx_word' id='word_1_168' title='bbox 1341 1364 1523 1403; x_wconf 88' lang='lat' dir='ltr'>naturae</span> 
     </span>
     <span class='ocr_line' id='line_1_26' title="bbox 185 1420 1523 1476; baseline -0.001 -13"><span class='ocrx_word' id='word_1_169' title='bbox 185 1424 350 1476; x_wconf 84' lang='lat' dir='ltr'>aptum,</span> <span class='ocrx_word' id='word_1_170' title='bbox 388 1423 478 1462; x_wconf 89' lang='lat' dir='ltr'>tam</span> <span class='ocrx_word' id='word_1_171' title='bbox 517 1420 770 1462; x_wconf 81' lang='lat' dir='ltr'>conveniens</span> <span class='ocrx_word' id='word_1_172' title='bbox 809 1420 863 1461; x_wconf 89' lang='lat' dir='ltr'>ad</span> <span class='ocrx_word' id='word_1_173' title='bbox 903 1434 970 1461; x_wconf 88' lang='lat' dir='ltr'>res</span> <span class='ocrx_word' id='word_1_174' title='bbox 1009 1420 1077 1461; x_wconf 88' lang='lat' dir='ltr'>vel</span> <span class='ocrx_word' id='word_1_175' title='bbox 1110 1421 1315 1462; x_wconf 78' lang='lat' dir='ltr'>secundas</span> <span class='ocrx_word' id='word_1_176' title='bbox 1353 1421 1422 1462; x_wconf 82' lang='lat' dir='ltr'>vel</span> <span class='ocrx_word' id='word_1_177' title='bbox 1455 1420 1523 1462; x_wconf 88' lang='lat' dir='ltr'>ad-</span> 
     </span>
     <span class='ocr_line' id='line_1_27' title="bbox 187 1478 1523 1534; baseline -0.001 -12"><span class='ocrx_word' id='word_1_178' title='bbox 187 1494 344 1522; x_wconf 85' lang='lat' dir='ltr'>versas.</span> <span class='ocrx_word' id='word_1_179' title='bbox 407 1478 489 1520; x_wconf 87' lang='lat' dir='ltr'>Sed</span> <span class='ocrx_word' id='word_1_180' title='bbox 520 1479 602 1521; x_wconf 91' lang='lat' dir='ltr'>hoc</span> <span class='ocrx_word' id='word_1_181' title='bbox 633 1479 820 1534; x_wconf 89' lang='lat' dir='ltr'>primum</span> <span class='ocrx_word' id='word_1_182' title='bbox 853 1479 1004 1533; x_wconf 90' lang='lat' dir='ltr'>sentio,</span> <span class='ocrx_word' id='word_1_183' title='bbox 1037 1479 1119 1520; x_wconf 90' lang='lat' dir='ltr'>nisi</span> <span class='ocrx_word' id='word_1_184' title='bbox 1149 1479 1195 1520; x_wconf 87' lang='lat' dir='ltr'>in</span> <span class='ocrx_word' id='word_1_185' title='bbox 1225 1479 1350 1521; x_wconf 87' lang='lat' dir='ltr'>bonis</span> <span class='ocrx_word' id='word_1_186' title='bbox 1382 1479 1523 1521; x_wconf 89' lang='lat' dir='ltr'>amici-</span> 
     </span>
     <span class='ocr_line' id='line_1_28' title="bbox 183 1537 1523 1592; baseline 0 -12"><span class='ocrx_word' id='word_1_187' title='bbox 183 1540 291 1581; x_wconf 87' lang='lat' dir='ltr'>tiam</span> <span class='ocrx_word' id='word_1_188' title='bbox 323 1553 415 1580; x_wconf 86' lang='lat' dir='ltr'>esse</span> <span class='ocrx_word' id='word_1_189' title='bbox 445 1552 533 1580; x_wconf 88' lang='lat' dir='ltr'>non</span> <span class='ocrx_word' id='word_1_190' title='bbox 563 1552 707 1592; x_wconf 86' lang='lat' dir='ltr'>posse3</span> <span class='ocrx_word' id='word_1_191' title='bbox 750 1552 886 1592; x_wconf 89' lang='lat' dir='ltr'>neque</span> <span class='ocrx_word' id='word_1_192' title='bbox 917 1538 962 1579; x_wconf 88' lang='lat' dir='ltr'>id</span> <span class='ocrx_word' id='word_1_193' title='bbox 999 1537 1053 1579; x_wconf 90' lang='lat' dir='ltr'>ad</span> <span class='ocrx_word' id='word_1_194' title='bbox 1090 1537 1236 1579; x_wconf 83' lang='lat' dir='ltr'>vivum</span> <span class='ocrx_word' id='word_1_195' title='bbox 1272 1552 1438 1592; x_wconf 86' lang='lat' dir='ltr'>reseco,</span> <span class='ocrx_word' id='word_1_196' title='bbox 1475 1541 1523 1580; x_wconf 89' lang='lat' dir='ltr'>ut</span> 
     </span>
     <span class='ocr_line' id='line_1_29' title="bbox 184 1595 1523 1652; baseline -0.001 -13"><span class='ocrx_word' id='word_1_197' title='bbox 184 1599 263 1652; x_wconf 88' lang='lat' dir='ltr'>illi,</span> <span class='ocrx_word' id='word_1_198' title='bbox 295 1598 368 1652; x_wconf 92' lang='lat' dir='ltr'>qui</span> <span class='ocrx_word' id='word_1_199' title='bbox 398 1598 503 1639; x_wconf 88' lang='lat' dir='ltr'>haec</span> <span class='ocrx_word' id='word_1_200' title='bbox 537 1597 739 1638; x_wconf 90' lang='lat' dir='ltr'>subtilius</span> <span class='ocrx_word' id='word_1_201' title='bbox 766 1597 993 1650; x_wconf 77' lang='lat' dir='ltr'>disserunt,</span> <span class='ocrx_word' id='word_1_202' title='bbox 1023 1595 1209 1638; x_wconf 88' lang='lat' dir='ltr'>fortasse</span> <span class='ocrx_word' id='word_1_203' title='bbox 1234 1611 1344 1651; x_wconf 85' lang='lat' dir='ltr'>vere,</span> <span class='ocrx_word' id='word_1_204' title='bbox 1369 1597 1444 1639; x_wconf 83' lang='lat' dir='ltr'>sed</span> <span class='ocrx_word' id='word_1_205' title='bbox 1469 1596 1523 1639; x_wconf 88' lang='lat' dir='ltr'>ad</span> 
     </span>
     <span class='ocr_line' id='line_1_30' title="bbox 184 1656 1524 1711; baseline -0.001 -12"><span class='ocrx_word' id='word_1_206' title='bbox 184 1671 453 1700; x_wconf 88' lang='lat' dir='ltr'>communem</span> <span class='ocrx_word' id='word_1_207' title='bbox 481 1656 716 1697; x_wconf 85' lang='lat' dir='ltr'>utilitatem</span> <span class='ocrx_word' id='word_1_208' title='bbox 741 1670 912 1710; x_wconf 80' lang='lat' dir='ltr'>parum3</span> <span class='ocrx_word' id='word_1_209' title='bbox 939 1658 1101 1711; x_wconf 87' lang='lat' dir='ltr'>negant</span> <span class='ocrx_word' id='word_1_210' title='bbox 1127 1656 1240 1697; x_wconf 87' lang='lat' dir='ltr'>enim</span> <span class='ocrx_word' id='word_1_211' title='bbox 1266 1670 1524 1711; x_wconf 87' lang='lat' dir='ltr'>quemquam</span> 
     </span>
     <span class='ocr_line' id='line_1_31' title="bbox 185 1713 1524 1769; baseline -0.001 -12"><span class='ocrx_word' id='word_1_212' title='bbox 185 1731 277 1758; x_wconf 87' lang='lat' dir='ltr'>esse</span> <span class='ocrx_word' id='word_1_213' title='bbox 308 1716 449 1757; x_wconf 85' lang='lat' dir='ltr'>virum</span> <span class='ocrx_word' id='word_1_214' title='bbox 480 1715 641 1756; x_wconf 86' lang='lat' dir='ltr'>bonum</span> <span class='ocrx_word' id='word_1_215' title='bbox 672 1715 756 1756; x_wconf 88' lang='lat' dir='ltr'>nisi</span> <span class='ocrx_word' id='word_1_216' title='bbox 789 1714 1038 1769; x_wconf 83' lang='lat' dir='ltr'>sapientem.</span> <span class='ocrx_word' id='word_1_217' title='bbox 1100 1713 1166 1763; x_wconf 82' lang='lat' dir='ltr'>Sit</span> <span class='ocrx_word' id='word_1_218' title='bbox 1196 1714 1259 1756; x_wconf 88' lang='lat' dir='ltr'>ita</span> <span class='ocrx_word' id='word_1_219' title='bbox 1290 1729 1408 1769; x_wconf 83' lang='lat' dir='ltr'>sane3</span> <span class='ocrx_word' id='word_1_220' title='bbox 1450 1715 1524 1756; x_wconf 89' lang='lat' dir='ltr'>sed</span> 
     </span>
     <span class='ocr_line' id='line_1_32' title="bbox 186 1773 1523 1829; baseline -0.001 -12"><span class='ocrx_word' id='word_1_221' title='bbox 186 1790 280 1817; x_wconf 89' lang='lat' dir='ltr'>eam</span> <span class='ocrx_word' id='word_1_222' title='bbox 313 1773 569 1829; x_wconf 85' lang='lat' dir='ltr'>sapientiam</span> <span class='ocrx_word' id='word_1_223' title='bbox 600 1774 958 1829; x_wconf 83' lang='lat' dir='ltr'>interpretantur,</span> <span class='ocrx_word' id='word_1_224' title='bbox 997 1787 1135 1828; x_wconf 59' lang='lat' dir='ltr'>quam*</span> <span class='ocrx_word' id='word_1_225' title='bbox 1157 1773 1294 1815; x_wconf 86' lang='lat' dir='ltr'>adhuc</span> <span class='ocrx_word' id='word_1_226' title='bbox 1324 1774 1523 1815; x_wconf 86' lang='lat' dir='ltr'>mortalis</span> 
     </span>
     <span class='ocr_line' id='line_1_33' title="bbox 184 1832 1523 1887; baseline -0.001 -12"><span class='ocrx_word' id='word_1_227' title='bbox 184 1849 309 1875; x_wconf 84' lang='lat' dir='ltr'>nemo</span> <span class='ocrx_word' id='word_1_228' title='bbox 338 1836 409 1875; x_wconf 87' lang='lat' dir='ltr'>est</span> <span class='ocrx_word' id='word_1_229' title='bbox 440 1835 703 1887; x_wconf 88' lang='lat' dir='ltr'>consecutus,</span> <span class='ocrx_word' id='word_1_230' title='bbox 734 1847 813 1874; x_wconf 89' lang='lat' dir='ltr'>nos</span> <span class='ocrx_word' id='word_1_231' title='bbox 845 1835 989 1874; x_wconf 88' lang='lat' dir='ltr'>autem</span> <span class='ocrx_word' id='word_1_232' title='bbox 1022 1847 1081 1886; x_wconf 86' lang='lat' dir='ltr'>ea,</span> <span class='ocrx_word' id='word_1_233' title='bbox 1115 1847 1222 1886; x_wconf 90' lang='lat' dir='ltr'>quae</span> <span class='ocrx_word' id='word_1_234' title='bbox 1248 1835 1348 1873; x_wconf 88' lang='lat' dir='ltr'>sunt</span> <span class='ocrx_word' id='word_1_235' title='bbox 1373 1832 1419 1873; x_wconf 91' lang='lat' dir='ltr'>in</span> <span class='ocrx_word' id='word_1_236' title='bbox 1443 1847 1523 1874; x_wconf 88' lang='lat' dir='ltr'>usu</span> 
     </span>
     <span class='ocr_line' id='line_1_34' title="bbox 184 1891 1525 1947; baseline -0.001 -13"><span class='ocrx_word' id='word_1_237' title='bbox 184 1893 358 1947; x_wconf 82' lang='lat' dir='ltr'>vitaque</span> <span class='ocrx_word' id='word_1_238' title='bbox 390 1892 619 1942; x_wconf 79' lang='lat' dir='ltr'>communi,</span> <span class='ocrx_word' id='word_1_239' title='bbox 649 1906 737 1933; x_wconf 90' lang='lat' dir='ltr'>non</span> <span class='ocrx_word' id='word_1_240' title='bbox 768 1906 834 1945; x_wconf 84' lang='lat' dir='ltr'>ea,</span> <span class='ocrx_word' id='word_1_241' title='bbox 876 1905 984 1945; x_wconf 89' lang='lat' dir='ltr'>quae</span> <span class='ocrx_word' id='word_1_242' title='bbox 1015 1891 1237 1947; x_wconf 84' lang='lat' dir='ltr'>finguntur</span> <span class='ocrx_word' id='word_1_243' title='bbox 1269 1895 1344 1932; x_wconf 84' lang='lat' dir='ltr'>aut</span> <span class='ocrx_word' id='word_1_244' title='bbox 1374 1893 1525 1946; x_wconf 88' lang='lat' dir='ltr'>optan-</span> 
     </span>
     <span class='ocr_line' id='line_1_35' title="bbox 184 1948 1523 2006; baseline -0.001 -13"><span class='ocrx_word' id='word_1_245' title='bbox 184 1954 267 2005; x_wconf 81' lang='lat' dir='ltr'>tur,</span> <span class='ocrx_word' id='word_1_246' title='bbox 299 1953 493 2006; x_wconf 71' lang='lat' dir='ltr'>spectare</span> <span class='ocrx_word' id='word_1_247' title='bbox 526 1950 740 1992; x_wconf 83' lang='lat' dir='ltr'>debemus.</span> <span class='ocrx_word' id='word_1_248' title='bbox 801 1949 1049 2004; x_wconf 86' lang='lat' dir='ltr'>Numquam</span> <span class='ocrx_word' id='word_1_249' title='bbox 1086 1964 1166 2005; x_wconf 86' lang='lat' dir='ltr'>ego</span> <span class='ocrx_word' id='word_1_250' title='bbox 1199 1949 1337 1992; x_wconf 89' lang='lat' dir='ltr'>dicam</span> <span class='ocrx_word' id='word_1_251' title='bbox 1368 1948 1414 1992; x_wconf 84' lang='lat' dir='ltr'>C.</span> <span class='ocrx_word' id='word_1_252' title='bbox 1446 1950 1523 1992; x_wconf 79' lang='lat' dir='ltr'>Fa-</span> 
     </span>
     <span class='ocr_line' id='line_1_36' title="bbox 188 2007 1525 2064; baseline -0.001 -13"><span class='ocrx_word' id='word_1_253' title='bbox 188 2010 380 2064; x_wconf 75' lang='lat' dir='ltr'>bricium,</span> <span class='ocrx_word' id='word_1_254' title='bbox 410 2009 478 2051; x_wconf 67' lang='lat' dir='ltr'>M&#39;,</span> <span class='ocrx_word' id='word_1_255' title='bbox 505 2008 693 2059; x_wconf 77' lang='lat' dir='ltr'>Curium,</span> <span class='ocrx_word' id='word_1_256' title='bbox 725 2008 787 2050; x_wconf 64' lang='lat' dir='ltr'>Ti.</span> <span class='ocrx_word' id='word_1_257' title='bbox 815 2007 1141 2063; x_wconf 82' lang='lat' dir='ltr'>Coruncanium,</span> <span class='ocrx_word' id='word_1_258' title='bbox 1174 2023 1280 2063; x_wconf 89' lang='lat' dir='ltr'>quos</span> <span class='ocrx_word' id='word_1_259' title='bbox 1308 2008 1525 2064; x_wconf 78' lang='lat' dir='ltr'>sapientes</span> 
     </span>
     <span class='ocr_line' id='line_1_37' title="bbox 185 2067 1525 2122; baseline -0.001 -12"><span class='ocrx_word' id='word_1_260' title='bbox 185 2069 325 2110; x_wconf 86' lang='lat' dir='ltr'>nostri</span> <span class='ocrx_word' id='word_1_261' title='bbox 356 2068 541 2110; x_wconf 88' lang='lat' dir='ltr'>maiores</span> <span class='ocrx_word' id='word_1_262' title='bbox 572 2068 831 2122; x_wconf 83' lang='lat' dir='ltr'>iudicabant,</span> <span class='ocrx_word' id='word_1_263' title='bbox 866 2067 919 2109; x_wconf 88' lang='lat' dir='ltr'>ad</span> <span class='ocrx_word' id='word_1_264' title='bbox 951 2067 1134 2108; x_wconf 87' lang='lat' dir='ltr'>istorum</span> <span class='ocrx_word' id='word_1_265' title='bbox 1164 2082 1361 2109; x_wconf 87' lang='lat' dir='ltr'>normam</span> <span class='ocrx_word' id='word_1_266' title='bbox 1392 2067 1525 2109; x_wconf 88' lang='lat' dir='ltr'>fuisse</span> 
     </span>
     <span class='ocr_line' id='line_1_38' title="bbox 188 2126 1525 2182; baseline -0.001 -13"><span class='ocrx_word' id='word_1_267' title='bbox 188 2128 415 2182; x_wconf 84' lang='lat' dir='ltr'>sapientes.</span> <span class='ocrx_word' id='word_1_268' title='bbox 459 2126 597 2175; x_wconf 83' lang='lat' dir='ltr'>Quare</span> <span class='ocrx_word' id='word_1_269' title='bbox 625 2126 707 2168; x_wconf 89' lang='lat' dir='ltr'>sibi</span> <span class='ocrx_word' id='word_1_270' title='bbox 732 2127 922 2168; x_wconf 87' lang='lat' dir='ltr'>habeant</span> <span class='ocrx_word' id='word_1_271' title='bbox 939 2126 1173 2181; x_wconf 83' lang='lat' dir='ltr'>sapientiae</span> <span class='ocrx_word' id='word_1_272' title='bbox 1189 2140 1346 2168; x_wconf 90' lang='lat' dir='ltr'>nomen</span> <span class='ocrx_word' id='word_1_273' title='bbox 1362 2129 1405 2168; x_wconf 87' lang='lat' dir='ltr'>et</span> <span class='ocrx_word' id='word_1_274' title='bbox 1421 2126 1525 2168; x_wconf 85' lang='lat' dir='ltr'>invi-</span> 
     </span>
     <span class='ocr_line' id='line_1_39' title="bbox 187 2184 1525 2239; baseline -0.002 -11"><span class='ocrx_word' id='word_1_275' title='bbox 187 2187 354 2228; x_wconf 87' lang='lat' dir='ltr'>diosum</span> <span class='ocrx_word' id='word_1_276' title='bbox 380 2189 423 2227; x_wconf 87' lang='lat' dir='ltr'>et</span> <span class='ocrx_word' id='word_1_277' title='bbox 455 2187 701 2239; x_wconf 87' lang='lat' dir='ltr'>obscurum,</span> <span class='ocrx_word' id='word_1_278' title='bbox 733 2185 983 2238; x_wconf 87' lang='lat' dir='ltr'>concedant,</span> <span class='ocrx_word' id='word_1_279' title='bbox 1022 2187 1071 2226; x_wconf 89' lang='lat' dir='ltr'>ut</span> <span class='ocrx_word' id='word_1_280' title='bbox 1107 2184 1189 2226; x_wconf 87' lang='lat' dir='ltr'>viri</span> <span class='ocrx_word' id='word_1_281' title='bbox 1220 2185 1321 2226; x_wconf 90' lang='lat' dir='ltr'>boni</span> <span class='ocrx_word' id='word_1_282' title='bbox 1353 2184 1525 2227; x_wconf 79' lang='lat' dir='ltr'>fuerint.</span> 
     </span>
     <span class='ocr_line' id='line_1_40' title="bbox 186 2243 1527 2300; baseline -0.002 -13"><span class='ocrx_word' id='word_1_283' title='bbox 186 2245 252 2287; x_wconf 89' lang='lat' dir='ltr'>Ne</span> <span class='ocrx_word' id='word_1_284' title='bbox 277 2245 321 2286; x_wconf 90' lang='lat' dir='ltr'>id</span> <span class='ocrx_word' id='word_1_285' title='bbox 347 2245 517 2299; x_wconf 84' lang='lat' dir='ltr'>quidem</span> <span class='ocrx_word' id='word_1_286' title='bbox 548 2244 724 2297; x_wconf 76' lang='lat' dir='ltr'>facient,</span> <span class='ocrx_word' id='word_1_287' title='bbox 760 2244 981 2300; x_wconf 86' lang='lat' dir='ltr'>negabunt</span> <span class='ocrx_word' id='word_1_288' title='bbox 1005 2243 1048 2284; x_wconf 85' lang='lat' dir='ltr'>id</span> <span class='ocrx_word' id='word_1_289' title='bbox 1079 2243 1163 2284; x_wconf 87' lang='lat' dir='ltr'>nisi</span> <span class='ocrx_word' id='word_1_290' title='bbox 1189 2244 1374 2298; x_wconf 88' lang='lat' dir='ltr'>sapienti</span> <span class='ocrx_word' id='word_1_291' title='bbox 1399 2258 1527 2299; x_wconf 83' lang='lat' dir='ltr'>posse</span> 
     </span>
     <span class='ocr_line' id='line_1_41' title="bbox 189 2301 1527 2358; baseline -0.001 -12"><span class='ocrx_word' id='word_1_292' title='bbox 189 2304 372 2347; x_wconf 85' lang='lat' dir='ltr'>concedi.</span> <span class='ocrx_word' id='word_1_293' title='bbox 418 2305 609 2358; x_wconf 81' lang='lat' dir='ltr'>Agamus</span> <span class='ocrx_word' id='word_1_294' title='bbox 630 2303 763 2358; x_wconf 77' lang='lat' dir='ltr'>igitur</span> <span class='ocrx_word' id='word_1_295' title='bbox 783 2303 945 2358; x_wconf 82' lang='lat' dir='ltr'>pingui,</span> <span class='ocrx_word' id='word_1_296' title='bbox 971 2304 1020 2343; x_wconf 85' lang='lat' dir='ltr'>ut</span> <span class='ocrx_word' id='word_1_297' title='bbox 1046 2303 1177 2356; x_wconf 87' lang='lat' dir='ltr'>aiunt,</span> <span class='ocrx_word' id='word_1_298' title='bbox 1202 2302 1408 2344; x_wconf 69' lang='lat' dir='ltr'>Minerva,</span> <span class='ocrx_word' id='word_1_299' title='bbox 1445 2301 1527 2351; x_wconf 82' lang='lat' dir='ltr'>Qui</span> 
     </span>
    </p>
   </div>
   <div class='ocr_carea' id='block_1_6' title="bbox 1541 730 1573 754">
    <p class='ocr_par' dir='ltr' id='par_1_9' title="bbox 1541 730 1573 754">
     <span class='ocr_line' id='line_1_42' title="bbox 1541 730 1573 754; baseline 0 0"><span class='ocrx_word' id='word_1_300' title='bbox 1541 730 1573 754; x_wconf 87' lang='grc'>10</span> 
     </span>
    </p>
   </div>
   <div class='ocr_carea' id='block_1_7' title="bbox 1542 1022 1574 1046">
    <p class='ocr_par' dir='ltr' id='par_1_10' title="bbox 1542 1022 1574 1046">
     <span class='ocr_line' id='line_1_43' title="bbox 1542 1022 1574 1046; baseline 0 0"><span class='ocrx_word' id='word_1_301' title='bbox 1542 1022 1574 1046; x_wconf 84' lang='lat'>15</span> 
     </span>
    </p>
   </div>
   <div class='ocr_carea' id='block_1_8' title="bbox 1543 1316 1576 1341">
    <p class='ocr_par' dir='ltr' id='par_1_11' title="bbox 1543 1316 1576 1341">
     <span class='ocr_line' id='line_1_44' title="bbox 1543 1316 1576 1341; baseline 0 0"><span class='ocrx_word' id='word_1_302' title='bbox 1543 1316 1576 1341; x_wconf 75' lang='lat'>20</span> 
     </span>
    </p>
   </div>
   <div class='ocr_carea' id='block_1_9' title="bbox 1542 1609 1575 1634">
    <p class='ocr_par' dir='ltr' id='par_1_12' title="bbox 1542 1609 1575 1634">
     <span class='ocr_line' id='line_1_45' title="bbox 1542 1609 1575 1634; baseline 0 0"><span class='ocrx_word' id='word_1_303' title='bbox 1542 1609 1575 1634; x_wconf 78' lang='lat'>25</span> 
     </span>
    </p>
   </div>
   <div class='ocr_carea' id='block_1_10' title="bbox 1543 1903 1577 1928">
    <p class='ocr_par' dir='ltr' id='par_1_13' title="bbox 1543 1903 1577 1928">
     <span class='ocr_line' id='line_1_46' title="bbox 1543 1903 1577 1928; baseline 0 0"><span class='ocrx_word' id='word_1_304' title='bbox 1543 1903 1577 1928; x_wconf 74' lang='lat'>30</span> 
     </span>
    </p>
   </div>
   <div class='ocr_carea' id='block_1_11' title="bbox 1545 2196 1578 2222">
    <p class='ocr_par' dir='ltr' id='par_1_14' title="bbox 1545 2196 1578 2222">
     <span class='ocr_line' id='line_1_47' title="bbox 1545 2196 1578 2222; baseline 0 0"><span class='ocrx_word' id='word_1_305' title='bbox 1545 2196 1578 2222; x_wconf 77' lang='lat'>35</span> 
     </span>
    </p>
   </div>
   <div class='ocr_carea' id='block_1_12' title="bbox 1604 0 1663 2490">
    <p class='ocr_par' dir='ltr' id='par_1_15' title="bbox 1604 0 1663 2490">
     <span class='ocr_line' id='line_1_48' title="bbox 1604 0 1663 2490; baseline 0 0"><span class='ocrx_word' id='word_1_306' title='bbox 1604 0 1663 2490; x_wconf 95' lang='lat' dir='ltr'> </span> 
     </span>
    </p>
   </div>
  </div>
 </body>
</html>
