1663 2490
213 62 268 103 36
735 61 798 95 DE
825 61 1024 96 OFFICIIS

212 172 255 210 et
291 168 431 211 iocum
462 169 567 211 facti
605 184 697 211 esse
727 169 964 223 videamur,
1003 169 1055 211 ad
1094 171 1366 212 severitatem
1404 171 1548 226 potius

211 230 254 268 et
287 228 340 269 ad
371 229 579 282 quaedam
612 228 755 270 studia
787 228 988 283 graviora
1026 231 1153 283 atque
1191 229 1366 270 maiora.
1428 229 1547 272 Ludo

212 289 354 328 autem
387 291 430 328 et
460 288 553 329 ioco
587 288 649 328 uti
681 287 756 328 illo
790 286 960 340 quidem
991 287 1109 340 licet,
1151 288 1224 328 sed
1256 288 1366 329 sicut
1398 303 1547 330 somno

210 349 254 386 et
280 346 495 400 quietibus
521 347 673 388 ceteris
700 350 804 399 tum,
836 359 930 386 cum
958 346 1161 401 gravibus
1188 346 1395 400 seriisque
1421 347 1547 388 rebus

210 404 316 445 satis
335 404 573 446 fecerimus.
616 404 846 459 Ipsumque
868 418 1001 459 genus
1021 404 1189 446 iocandi
1214 419 1300 446 non
1325 405 1547 459 profusum
1585 417 1602 442 5

208 478 285 505 neo
309 463 625 529 immodestum,
656 463 728 504 sed
754 463 986 518 ingenuum
1012 467 1054 504 et
1078 464 1265 505 facetum
1292 477 1385 505 esse
1412 464 1549 505 debet.

208 521 270 564 Ut
301 523 413 564 enim
445 522 587 577 pueris
620 536 707 563 non
738 536 907 563 omnem
939 521 1110 563 ludendi
1141 522 1360 564 licentiam
1387 522 1535 564 damus

210 580 283 622 sed
315 596 421 634 eam,
453 595 561 646 quae
588 581 640 622 ab
668 580 908 622 honestatis
936 581 1175 622 actionibus
1202 596 1288 622 non
1315 581 1371 622 sit
1397 581 1548 633 aliena,

210 640 270 681 sic
306 639 352 680 in
388 640 482 694 ipso
515 639 608 681 ioco
642 639 815 693 aliquod
846 639 971 693 probi
1002 639 1164 694 ingenii
1196 640 1340 681 lumen
1372 640 1548 682 eluceat.

143 707 205 738 102
227 698 396 753 Duplex
435 699 606 739 omnino
647 701 712 739 est
749 698 916 739 iocandi
952 712 1104 753 oenus,
1142 713 1274 739 unum
1310 699 1601 752 inliberale,10

208 757 421 812 petulans,
448 757 724 812 flagitiosum,
751 757 991 809 obscenum,
1012 732 1194 798 alte'rum
1215 757 1402 813 elegans,
1425 758 1549 799 urba-

207 831 328 869 num,
371 816 659 871 ingeniosum,
702 816 900 856 facetum.
969 814 1060 863 Quo
1100 829 1253 871 genere
1290 831 1378 857 non
1421 817 1548 858 modo

207 874 386 916 Plautus
425 878 571 916 noster
610 878 652 915 et
691 874 934 915 Atticorum
973 874 1150 928 antiqua
1195 875 1431 929 comoedia,
1475 876 1549 916 sed

209 934 340 975 etiam
378 933 735 988 philosophorum
768 931 1083 975 Socraticorum
1122 933 1222 974 libri
1254 933 1402 975 referti
1435 937 1547 988 sunt,

207 993 428 1047 multaque
461 993 696 1034 multorum
728 993 862 1033 facete
896 992 1025 1046 dicta,
1062 995 1110 1033 ut
1143 1006 1208 1043 ea,
1251 1007 1358 1047 quae
1390 1008 1415 1033 a
1448 1007 1545 1034 sene
1569 1005 1600 1029 1⁵

209 1050 370 1093 Catone
391 1051 572 1093 collecta
591 1055 701 1105 sunt,
723 1066 829 1105 quae
849 1054 1004 1092 vocant
1024 1047 1357 1105 ἀποφθέγματα.
1388 1051 1545 1093 Facilis

207 1111 341 1166 igitur
374 1112 440 1152 est
471 1110 688 1152 distinctio
722 1110 895 1164 ingenui
928 1113 969 1150 et
1004 1110 1241 1151 inliberalis
1274 1110 1366 1152 ioci.
1423 1112 1548 1152 Alter

208 1172 290 1223 est,
329 1169 365 1210 si
397 1172 589 1224 tempore
627 1170 694 1223 fit,
732 1172 780 1210 ut
818 1169 854 1210 si
892 1169 1071 1210 remisso
1111 1169 1271 1222 animo,
1305 1170 1547 1222 yravz'ssz'mo

207 1228 379 1270 homine
412 1228 578 1282 dignus,
610 1228 720 1269 alter
750 1241 803 1268 ne
835 1227 970 1268 libero
1003 1227 1185 1281 quidem,
1219 1228 1254 1268 si
1286 1242 1428 1269 rerum
1460 1231 1546 1269 tur-

206 1287 391 1342 pitudini
413 1287 639 1328 adhibetur
659 1287 887 1328 verborum
908 1287 1161 1328 obscenitas.
1203 1286 1393 1327 Ludendi
1415 1287 1544 1328 etiam
1566 1297 1599 1321 20

208 1350 274 1387 est
306 1345 479 1400 quidam
511 1346 661 1387 modus
687 1345 945 1397 retinendus,
977 1349 1024 1386 ut
1049 1360 1101 1386 ne
1127 1345 1255 1386 nimis
1283 1346 1426 1386 omnia
1453 1360 1546 1400 pro-

206 1404 435 1446 fundamus
468 1405 653 1458 elatique
684 1405 904 1458 voluptate
935 1404 980 1444 in
1012 1404 1199 1458 aliquam
1235 1404 1544 1458 turpitudinem

208 1464 470 1505 delabamur.
532 1462 816 1517 Suppeditant
854 1465 997 1504 autem
1035 1466 1078 1503 et
1116 1477 1290 1517 campus
1324 1466 1470 1505 noster
1503 1467 1545 1505 et

210 1522 352 1563 studia
382 1522 564 1564 venandi
597 1523 778 1563 honesta
810 1522 1005 1575 exempla
1036 1521 1220 1563 ludendi.

297 1579 378 1623 Sed
404 1581 591 1636 pertinet
617 1581 670 1622 ad
696 1595 865 1622 omnem
894 1580 1021 1622 officii
1053 1581 1345 1634 quaestionem
1378 1595 1544 1635 semper
1565 1591 1597 1617 25

208 1655 252 1681 in
272 1643 476 1694 promptu
495 1639 666 1693 habere,
693 1642 900 1693 quantum
931 1642 1086 1680 natura
1106 1639 1291 1681 hominis
1312 1640 1543 1693 pecudibus

207 1699 467 1753 reliquisque
499 1699 637 1740 beluis
676 1698 916 1751 antecedat3
957 1698 1058 1740 illae
1088 1698 1196 1739 nihil
1236 1698 1426 1739 sentiunt
1462 1699 1545 1741 nisi

208 1758 476 1812 voluptatem
509 1758 562 1799 ad
588 1772 764 1811 eamque
789 1757 985 1798 feruntur
1015 1758 1131 1798 omni
1156 1757 1331 1812 impetu,
1358 1757 1543 1799 hominis

209 1820 351 1858 autem
385 1831 504 1858 mens
537 1817 734 1858 discendo
769 1816 898 1857 alitur
931 1819 973 1857 et
1005 1816 1245 1871 cogitando,
1278 1830 1445 1870 semper
1471 1817 1544 1858 ali-

1539 557 1549 576 7

139 1562 194 1602 30

140 1612 218 1647 105

210 1876 310 1929 quid
342 1879 415 1916 aut
448 1876 638 1930 anquirit
670 1878 743 1916 aut
775 1875 866 1930 agit
899 1875 1150 1929 videndique
1183 1878 1224 1916 et
1254 1875 1451 1916 audiendi
1478 1875 1543 1916 de·
1565 1886 1596 1910 30

207 1934 436 1975 lectatione
470 1935 647 1976 ducitur.
710 1933 819 1982 Quin
852 1934 1000 1987 etiam,
1038 1935 1073 1975 si
1107 1934 1200 1988 quis
1234 1937 1299 1974 est
1330 1934 1457 1988 paulo
1491 1934 1545 1975 ad

208 1993 454 2046 voluptates
482 1993 744 2048 propensior,
772 1993 896 2034 modo
924 2008 975 2033 ne
1004 1993 1059 2033 sit
1086 2008 1134 2033 ex
1155 1992 1362 2047 pecudum
1389 2007 1543 2048 genere

210 2050 328 2106 (sunt
361 2052 472 2092 enim
507 2052 678 2106 quidam
710 2052 903 2093 homines
934 2065 1020 2092 non
1052 2066 1108 2105 re,
1140 2051 1212 2092 sed
1239 2051 1440 2106 nomine),
1471 2051 1544 2093 sed

209 2111 245 2151 si
278 2110 371 2164 quis
400 2113 464 2151 est
490 2111 617 2165 paulo
646 2110 836 2163 erectior,
870 2110 1063 2164 quamvis
1089 2110 1312 2164 voluptate
1339 2110 1543 2164 capiatur,

209 2169 397 2210 occultat
441 2172 483 2210 et
528 2169 770 2210 dissimulat
809 2169 1047 2223 appetitum
1085 2169 1321 2223 voluptatis
1366 2172 1543 2224 propter
1562 2179 1601 2206 3⁵

140 2238 204 2270 106
225 2228 532 2269 verecundiam.
581 2228 646 2269 Ex
674 2242 756 2282 quo
778 2227 1045 2281 intellegitur
1065 2228 1254 2282 corporis
1276 2228 1541 2282 voluptatem

208 2301 294 2328 non
333 2287 437 2328 satis
476 2301 567 2327 esse
606 2286 781 2340 dignam
818 2285 1003 2327 hominis
1041 2286 1324 2340 praestantia,
1366 2301 1542 2341 eamque
