1673 2505
241 115 328 156 404
754 113 1052 149 FRAGMENTA

242 220 349 273 δόξα
374 222 497 277 μέχρι
523 224 607 264 νῦν
634 223 830 275 διαμένει
855 224 1008 276 καίπερ
1036 217 1089 262 οὐ
1108 221 1264 275 μικρᾶς
1283 219 1574 274 γεγενημένης

241 285 339 341 περὶ
364 284 467 336 τοὺς
492 285 652 340 λόγους
676 287 970 339 καινοτομίας,
998 282 1080 338 τὴν
1105 282 1153 326 δὲ
1177 282 1408 339 ποιητικὴν
1435 281 1572 326 αὐτοῦ

242 353 416 394 πολλῶν
454 349 635 404 εὐφυῶν
674 348 993 403 ἐπιγενομένων
1025 346 1301 390 παντάπασιν
1336 346 1468 403 ἀκλεῆ
1499 347 1573 390 καὶ

244 414 401 470 ἄτιμον
435 417 578 470 ἔρρειν
612 413 896 468 συμβέβηκεν.

634 598 738 636 XIV.
782 597 1184 636 EPIGRAMMATA.
1611 604 1628 630 5

334 691 370 731 1.
403 689 571 741 Quintil.
610 688 732 729 VIII
758 692 794 729 6.
827 691 882 729 67
911 688 1137 741 Hyperbole
1167 712 1221 717 -—
1259 691 1317 730 est
1347 711 1401 718 --
1439 690 1576 731 decens

242 749 327 790 veri
361 748 604 801 superiectio.
673 747 813 788 Virtus
855 747 939 788 eius
981 760 1029 787 ex
1071 747 1223 788 diverso
1258 761 1359 800 par,
1403 749 1577 801 auqendi

242 812 360 860 atque
395 807 616 848 minuendi.
676 805 707 859 ἕ
746 809 800 847 73
837 805 922 846 Nec
955 807 1156 858 pauciora
1194 809 1290 846 sunt
1320 819 1468 859 qenera
1502 807 1576 847 mi-

242 867 415 908 nuendi:
454 864 555 906 tVici¹
585 864 738 906 ossibus
773 863 963 917 lcaerent',
1000 867 1036 904 et
1070 865 1176 916 quod
1204 863 1405 906 Ciceronis
1440 868 1497 906 est
1531 866 1577 906 in

242 926 418 979 quodam
447 924 620 965 ioculari
652 923 806 964 libello:
1598 935 1630 960 ιο

301 983 496 1025 Fundum
527 981 658 1022 Vetto
690 983 833 1034 vocab,
866 995 991 1035 quem
1022 981 1160 1035 possib
1192 981 1361 1022 mittere
1392 981 1540 1035 funda,

360 1041 419 1083 Ni
449 1044 596 1082 tamen
627 1040 845 1093 exciderit,
878 1055 961 1094 qua
994 1054 1098 1081 cava
1128 1039 1260 1081 funda
1291 1042 1421 1094 patet.

334 1101 390 1153 [2.
414 1100 599 1142 Diomed.
625 1099 682 1140 II
704 1113 746 1151 p.
772 1102 864 1140 461.
890 1102 945 1140 21
970 1099 1198 1152 Hyperbole
1227 1102 1284 1140 est
1311 1100 1429 1141 dictio
1459 1100 1579 1151 fidem

243 1160 425 1201 veritatis
453 1159 639 1200 excedens
664 1158 838 1211 auqendi
862 1158 1115 1198 minuendive
1140 1159 1289 1210 qratia,
1321 1159 1504 1212 auqendi,
1534 1161 1581 1199 ut

246 1219 349 1260 ‘nive
377 1216 615 1270 candidior’‚
649 1216 829 1258 ‘velocior
853 1215 998 1269 Euro’,
1028 1217 1249 1266 minuendi,
1280 1217 1384 1258 sicut
1408 1216 1579 1258 etardior
1599 1227 1631 1252 15
1665 1216 1673 1239 ¹²

247 1278 440 1319 testudine
471 1277 668 1328 leviorque
696 1274 837 1327 foliis’‚
868 1276 961 1315 item
991 1278 1057 1315 ut:

302 1335 555 1377 Extractam
586 1337 714 1388 puteo
747 1333 922 1374 situlam
955 1333 1025 1387 qui
1057 1333 1179 1388 ponii]
1210 1333 1254 1373 in
1285 1333 1431 1387 horto,

363 1393 554 1435 Ulterius
587 1392 728 1433 standi
757 1407 844 1433 non
873 1391 1005 1432 habet
1036 1391 1126 1446 ipse
1160 1392 1312 1432 locum.

252 1479 300 1484 -—
334 1453 451 1495 Idem
482 1452 646 1493 Charis.
676 1451 752 1492 IV
768 1465 811 1503 p.
843 1452 939 1492 275.
969 1452 1055 1502 251]

335 1512 373 1553 3.
399 1511 511 1552 Plin.
536 1524 593 1563 ep.
624 1509 720 1551 VII
739 1513 777 1550 4.
802 1513 829 1551 3
853 1509 1105 1562 Leqebantur
1132 1510 1178 1550 in
1201 1509 1454 1551 Laurentino
1479 1510 1581 1552 milii
1599 1518 1647 1559 204

248 1571 342 1612 libri
378 1570 506 1611 Asini
543 1568 659 1610 Galli
700 1569 747 1609 de
787 1569 1073 1621 conparatione
1111 1568 1247 1621 patris
1289 1572 1327 1609 et
1367 1568 1579 1610 Ciceronis.

247 1629 403 1671 Incidit
443 1629 739 1681 epiqranima
779 1625 1028 1668 Ciceronis
1069 1628 1121 1667 in
1166 1627 1390 1668 Tironem
1431 1641 1579 1669 suum.

248 1688 359 1730 Dein
401 1701 492 1729 cum
534 1687 699 1727 meridie
739 1684 848 1738 (erat
887 1686 995 1726 enim
1036 1684 1187 1738 aestas)
1229 1686 1478 1728 dormiturus
1519 1700 1581 1728 me
1641 1687 1647 1737 ξ

247 1747 477 1799 recepissem
506 1759 576 1786 nec
605 1745 803 1797 obreperet
830 1757 1005 1794 somnus,
1036 1745 1143 1797 coepi
1172 1747 1358 1797 reputare
1382 1746 1581 1787 maximos

249 1809 425 1847 oratores
454 1804 526 1845 hoc
555 1804 680 1845 studii
706 1816 832 1856 yenus
861 1806 899 1844 et
920 1804 967 1844 in
991 1803 1313 1844 oblectationibus
1337 1803 1521 1845 habuisse
1545 1807 1583 1845 et
1600 1812 1633 1838 25
1659 1801 1673 1826 ²⁵

249 1866 294 1905 in
327 1864 444 1905 laude
465 1863 659 1916 posuisse.
708 1861 874 1903 Intendi
897 1862 1083 1902 animum
1110 1865 1324 1914 contraque
1353 1863 1582 1914 opinionem

249 1936 380 1964 meam
392 1926 487 1975 post
507 1922 667 1974 Zonyam
692 1921 988 1962 desuetudinem
1006 1933 1205 1973 perquam
1228 1921 1369 1974 exiquo
1395 1922 1582 1974 temporis

249 1984 445 2023 momento
475 1981 519 2021 id
545 1981 691 2033 ipsum,
721 1980 827 2032 quod
849 1993 911 2020 me
935 1980 991 2020 ad
1012 1979 1263 2020 scribendum
1286 1979 1582 2031 sollicitaverat,

249 2040 314 2082 his
343 2040 519 2081 versibus
549 2039 739 2080 exaravi:

310 2097 412 2140 Cum
444 2098 565 2139 libros
597 2097 713 2139 Galli
744 2097 924 2150 legerem,
954 2097 1097 2149 quibus
1129 2097 1196 2137 ille
1218 2098 1385 2149 parenti

309 2156 450 2198 Ausus
480 2157 526 2197 de
557 2155 743 2198 Cicerone
773 2157 870 2197 dare
900 2159 958 2196 est
982 2155 1242 2207 palmamque
1271 2155 1480 2208 decu-sque,

312 2215 528 2257 Lascivum
559 2215 695 2256 inveni
726 2215 859 2256 lusum
891 2213 1094 2255 Ciceronis
1124 2217 1162 2254 et
1189 2214 1259 2254 illo

311 2274 580 2326 Spectandum
610 2274 786 2326 inqenio,
818 2286 894 2325 quo
924 2273 1031 2314 seria
1061 2273 1241 2313 condidit
1269 2276 1307 2313 et
1334 2286 1410 2325 quo

310 2333 522 2376 Humanis
551 2332 703 2374 salibus
733 2332 858 2373 multo
889 2332 1079 2385 varioque
1110 2331 1238 2384 lepore
