1673 2505
385 113 663 150 PHILOSOPH.
689 114 727 150 F.
753 114 838 149 VIII
865 114 997 150 9—IX
1025 120 1054 149 7.
1307 116 1391 156 333

51 227 95 265 tu
126 223 234 264 testis
264 235 324 272 es‚·
361 221 468 264 nihil
504 223 612 264 enim
648 223 696 264 de
731 236 912 264 maerore
948 221 1166 263 minuendo
1197 222 1393 274 scriptum

50 282 101 324 ab
125 281 209 322 ullo
233 284 300 331 est,
330 277 436 333 quOd
459 294 525 333 eqo
550 295 632 322 non
660 281 770 322 domi
801 284 893 322 tuae
925 281 1107 334 leqerim;
1139 280 1208 321 3661
1237 293 1393 321 0666666666

50 339 361 382 consolationem
391 339 518 380 vincit
545 340 670 381 dolor.
733 340 842 390 Quin
874 340 996 380 etiam
1031 339 1127 392 feci,
1164 339 1271 390 quod
1297 351 1393 390 pro-

0 443 1 456 :
48 399 148 450 fecto
179 401 273 438 ante
302 410 364 438 me
394 411 527 451 6666660,
563 401 611 439 ut
644 398 728 450 ipse
763 412 826 439 6666
850 411 926 450 per
957 398 1112 439 litteras
1142 397 1370 438 consolarer
1379 410 1392 444 ,-

0 460 32 513 ἧς)
51 469 167 510 quem
199 455 348 497 librum
379 456 435 497 6661
459 459 492 497 te
516 457 690 508 mittam,
720 456 758 497 si
781 457 1065 509 descripserint
1089 455 1262 497 librarii.
1308 455 1395 496 Ad-

49 516 168 568 firmo
201 514 275 555 tibi
305 514 467 555 nullam
498 514 808 556 consolationem
839 528 920 556 6336
951 514 1084 555 talem.

139 573 178 613 2.
217 571 296 613 Cic.
334 572 420 614 Att.
458 572 564 614 XII
594 576 664 614 28.
695 574 726 613 2
764 572 881 624 Quod
915 586 977 613 6666
1011 574 1097 625 ipse
1125 586 1203 625 per
1239 572 1395 613 litteras

51 631 277 672 consolatus
314 644 422 681 sum,
462 645 543 672 non
568 631 751 684 paenitet
784 645 863 681 me,
900 635 1099 683 quantum
1128 631 1393 683 profecerim;

50 702 273 731 maerorem
291 690 437 741 minui,
463 690 638 731 dolorem
658 703 729 731 nec
745 691 866 742 potui
890 703 972 743 6666,
996 690 1034 731 36
1050 703 1221 742 possem,
1247 689 1394 730 vellem.

17 759 33 785 ο
53 771 106 777 -
140 747 201 799 Cf.
232 748 280 789 de
310 748 435 789 divin.
466 748 527 788 II
552 751 589 790 1.
619 752 658 790 3.

139 806 179 848 3.
212 805 291 848 Cic.
327 806 443 847 Tusc.
474 806 552 848 IV
573 809 643 849 29.
675 810 730 848 63
760 807 1046 860 Aeqritudinis
1082 807 1234 848 sedatio
1266 810 1304 847 et
1331 806 1393 847 166-

50 868 188 907 sterna
217 865 490 917 disputatione
520 866 721 918 explicata
745 869 803 907 est
826 869 864 907 et
886 867 932 906 in
959 864 1258 908 Consolationis
1284 865 1396 917 libro,

50 937 167 976 quem
197 923 243 964 in
273 923 403 965 medio
434 923 537 976 (non
566 925 674 965 enim
704 925 903 977 sapientes
933 924 1116 978 cramus)
1150 937 1331 965 maerore
1360 926 1399 964 et

50 982 184 1024 dolore
208 982 539 1034 conscripsimus,·
566 983 745 1035 quodque
767 986 875 1024 vetat
899 981 1165 1036 Chrysippus,
1190 983 1246 1024 ad
1267 995 1396 1023 recen-

17 1050 32 1077 5
51 1041 104 1082 tis
133 1041 253 1093 quasi
285 1044 459 1082 tumores
489 1041 622 1082 animi
651 1042 872 1082 remedium
902 1042 1098 1093 adhibere,
1129 1042 1175 1082 id
1202 1054 1276 1082 nos
1304 1040 1396 1092 feci-

50 1112 142 1140 mus
166 1100 522 1151 naturaequevim
550 1099 774 1150 attulimus,
804 1103 851 1140 ut
874 1100 1153 1153 maynitudini
1176 1100 1398 1140 medicinae

51 1158 204 1199 doloris
232 1158 469 1209 maqnitudo
501 1158 734 1199 concederet.
769 1182 817 1186 —
854 1157 917 1209 Cfi
947 1158 1037 1199 HI
1061 1161 1126 1199 31.
1161 1160 1214 1199 75
1226 1171 1308 1210 sqq.

139 1217 179 1256 4.
194 1215 274 1258 Cic.
292 1216 407 1257 Tusc.
422 1215 527 1257 134.
542 1219 597 1258 83
613 1216 722 1267 Quid
739 1229 805 1269 eqo
824 1230 933 1257 nunc
953 1216 1110 1269 luqeam
1128 1216 1255 1257 vitam
1270 1215 1396 1256 homi-

51 1273 181 1316 num?
233 1274 331 1316 Vere
359 1278 396 1316 et
418 1275 507 1316 iure
525 1288 695 1327 possum
702 1288 716 1324 ;
748 1275 819 1316 3661
840 1276 941 1327 quid
963 1288 1115 1316 necesse
1139 1278 1206 1325 est,
1239 1288 1329 1316 cum
1354 1275 1400 1315 iol

17 1344 33 1370 ο
51 1346 185 1386 aqam,
203 1346 254 1374 666
268 1336 360 1385 post
376 1334 679 1375 66606666666666366
681 1347 723 1374 03
735 1345 809 1375 6603
814 1336 1007 1386 qnitemus
1015 1333 1115 1387 fore
1135 1333 1258 1374 etiam
1270 1334 1398 1374 vitam

51 1391 207 1444 efficere
231 1391 476 1457 deplorando
500 1391 778 1433 miseriorem?
828 1392 1020 1434 Fecimus
1043 1391 1116 1433 hoc
1138 1393 1186 1433 in
1216 1405 1258 1432 eo
1285 1391 1397 1442 libr-,o

51 1451 98 1492 in
121 1464 198 1503 quo
223 1454 378 1491 nosmet
400 1451 519 1503 ipsos,
550 1454 750 1503 quantum
767 1451 991 1503 potuimus,
1022 1451 1219 1492 consolati
1245 1463 1396 1492 sumus.

141 1509 180 1550 5.
219 1508 300 1550 Cic.
341 1509 455 1550 Tusc.
494 1509 526 1552 Ι
550 1513 615 1551 31.
653 1511 707 1550 ’75
725 1522 781 1562 sq.
818 1509 935 1550 Haec
970 1510 1130 1562 quidem
1167 1510 1253 1550 vita
1289 1522 1399 1550 666063

52 1570 120 1621 est,
148 1581 274 1620 quam
305 1567 523 1609 lamentari
547 1581 718 1621 possem,
748 1568 785 1609 si
817 1567 962 1609 liberet.
1005 1569 1058 1609 A.
1090 1567 1205 1609 Satis
1236 1571 1279 1608 tu
1309 1568 1398 1620 qui-

18 1636 33 1663 5
52 1627 141 1667 616666
165 1627 212 1667 666
232 1625 513 1668 Consolatione
537 1640 577 1668 es
603 1626 847 1667 lamentatus
858 1640 871 1675 ‚·
902 1639 1027 1679 quam
1052 1640 1143 1667 cum
1169 1626 1261 1679 leqo,
1293 1625 1399 1667 nihil

51 1685 160 1726 malo
196 1698 321 1737 quam
356 1684 431 1726 has
466 1698 530 1726 res
565 1685 807 1738 relinquere,
849 1684 915 1726 his
957 1698 1046 1726 vero
1089 1685 1206 1726 modo
1243 1685 1399 1725 auditis

53 1744 179 1785 multo
210 1744 352 1796 maqis.

142 1803 179 1843 6.
205 1802 425 1855 Auqustin.
451 1803 498 1844 de
523 1803 593 1844 6666.
619 1803 683 1844 dci
707 1802 829 1843 XIX
845 1805 883 1843 4.
908 1805 939 1844 2
966 1801 1067 1853 Quis
1090 1802 1246 1854 suffieit
1268 1815 1399 1854 quan-

53 1861 154 1902 tovis
184 1861 429 1913 eloquentiae
458 1861 628 1913 flumine
657 1861 764 1902 ‘vitae
793 1860 917 1901 huius
947 1861 1136 1902 miserias
1166 1859 1397 1913 explicare?

18 1930 35 1955 ο
52 1932 176 1971 quam
221 1919 464 1961 lamentatus
506 1923 564 1962 est
599 1919 734 1961 Cicero
776 1920 823 1961 666
860 1918 1143 1961 Consolatione
1185 1920 1232 1961 de
1273 1921 1400 1960 morte

51 1977 180 2030 filiae,
212 1979 317 2019 sicut
336 1979 496 2031 potuit;
528 1979 598 2020 secl
626 1981 826 2031 quantum
856 1981 928 2027 est,
960 1979 1068 2030 quod
1088 1977 1256 2031 potuit?

143 2037 180 2077 7.
212 2036 325 2078 Plin.
356 2040 440 2078 nat.
471 2036 563 2078 hist.
586 2037 722 2089 praefi
746 2039 808 2078 22
832 2035 940 2078 Scito
972 2038 1236 2088 conferentem
1266 2039 1395 2078 aucto-

52 2107 116 2137 res
144 2108 207 2136 me
242 2095 542 2148 deprehendisse
578 2109 606 2136 a
642 2095 909 2136 iuratissimis
946 2098 983 2136 et
1009 2096 1218 2148 proximis
1253 2098 1399 2136 veteres

53 2155 340 2206 transscriptos
363 2155 419 2195 ad
441 2154 607 2196 verbum
630 2168 755 2206 neque
778 2154 1020 2206 nominatos,
1051 2167 1136 2195 non
1160 2178 1217 2183 —-
1243 2153 1397 2195 Cicero-

18 2221 33 2248 5
51 2212 183 2253 niana
212 2213 480 2266 simplicitate,
511 2214 584 2266 qui
614 2214 661 2254 de
684 2226 728 2253 re
748 2227 788 2264 p.
813 2212 1006 2253 Platonis
1029 2226 1071 2254 36
1094 2214 1276 2254 comitem
1298 2226 1396 2265 pro-

50 2271 198 2324 fitetur,
221 2272 268 2312 in
288 2270 569 2313 Consolatione
588 2270 747 2325 [filiae]
766 2269 1033 2324 Crantorem‚
1057 2271 1203 2325 inquit,
1230 2285 1395 2325 sequor.

53 2352 105 2358 —
127 2329 368 2383 Hieronym.
395 2331 504 2383 epist.
526 2333 590 2372 60.
609 2332 635 2371 5
657 2330 702 2372 Τ.
723 2329 756 2370 Ι
771 2344 811 2382 p.
832 2333 915 2371 334
935 2329 977 2371 C.
1004 2329 1179 2371 Vallars.
1205 2330 1397 2382 Leqimus
