1673 2505
459 66 759 104 ORATIONUM.
786 68 828 104 A.
854 67 906 102 111
934 67 1037 102 1-V
1069 73 1097 102 1.
1366 69 1452 111 235

112 174 185 217 bus
215 177 289 216 aut
316 174 555 227 rationibus,
585 175 659 216 sed
686 175 731 216 in
763 177 840 215 toto
867 188 1010 228 yenere
1040 176 1211 216 actionis
1235 176 1450 217 intuenda:

111 247 168 274 an
197 234 252 274 sit
281 256 338 261 —
374 256 422 261 —
457 233 645 285 superba,
676 237 723 274 ut
753 234 796 274 in
831 232 1007 285 Oppium
1038 247 1085 274 eoo
1115 234 1285 286 epistula
1318 233 1453 275 Cottae

111 305 224 332 reum
251 291 420 342 factum.
482 291 657 332 Perinde
682 293 935 344 praecipites,
966 293 1202 345 insidiosae,
1233 293 1452 345 inpotentes

111 350 423 402 deprenduntur.
497 349 568 390 Ex
609 350 754 402 quibus
797 353 931 391 tamen
978 350 1200 402 fortissime
1243 351 1451 401 invaseris,

74 421 90 445 5
110 408 217 460 quod
245 411 303 449 est
332 411 407 449 aut
436 408 620 449 omnibus
643 409 918 461 periculosum
944 432 997 438 —
1028 433 1076 439 —
1112 413 1185 449 aut
1214 410 1315 461 ipsis
1346 410 1452 451 iudi-

109 466 237 516 cibus,
281 469 328 508 ut
358 479 434 519 pro
474 465 602 519 Oppio
641 470 775 508 monet
804 467 1013 519 pluribus,
1055 481 1105 509 ne
1142 467 1247 509 illud
1281 469 1453 509 actionis

105 537 233 578 ,oenus
263 525 310 566 in
340 528 557 577 equestrem
588 526 768 566 ordinem
800 526 1033 567 admittant.

199 583 237 625 8.
277 582 447 634 Quintil.
487 583 555 625 VI
584 585 621 625 5.
659 587 712 625 10
750 583 972 637 Infinitum
1015 587 1073 626 est
1114 597 1365 638 enumerare,
1408 588 1453 626 ut

110 640 247 683 Cottae
277 642 498 683 detraxerit
528 643 820 683 auctoritatem.

57 713 89 738 ιο
199 700 237 741 9.
270 700 440 752 Quintil.
471 700 549 741 XI
568 704 605 742 1.
638 704 694 742 67
725 700 860 742 Cicero
891 714 1139 754 quamquam
1171 705 1259 742 erat
1287 702 1333 743 in
1365 701 1451 744 Cot-

110 761 194 799 tam
221 759 463 812 yravissime
500 760 682 801 dicturus
713 773 837 812 neque
867 760 987 801 aliter
1017 761 1086 813 aqi
1117 760 1164 801 P.
1194 760 1299 813 Oppi
1329 774 1453 802 eausa

100 820 282 870 poterat,
331 817 452 871 longa
502 821 636 859 tamen
672 818 930 871 praefatione
973 820 1177 860 excusavit
1219 820 1346 872 officii
1388 820 1453 861 sui

108 876 390 917 necessitatem.

202 935 265 975 10.
296 935 589 976 Fortunatian.
620 938 698 976 art.
732 935 830 976 rhet.
862 935 922 976 II
947 937 999 978 15
1022 949 1065 988 p.
1097 939 1187 977 110.
1219 939 1278 978 22
1309 936 1451 978 Halm.

57 1004 88 1030 15
108 992 403 1034 Procatasceua
427 997 494 1047 est,
518 1007 599 1046 qua
623 994 797 1034 iudicem
816 994 930 1036 nobis
947 1007 1260 1047 praeparamus,
1286 1008 1375 1036 cum
1400 1020 1448 1024 -—

108 1053 307 1104 quaedam
337 1052 452 1093 nobis
482 1052 627 1093 obsunt
656 1056 694 1093 et
722 1053 809 1093 illis
831 1053 955 1105 prius
986 1053 1273 1094 occurrendum
1304 1057 1377 1107 est,
1407 1058 1454 1095 ut

104 1110 200 1162 fecit
230 1109 365 1152 Cicero
387 1124 468 1163 pro
501 1110 629 1163 Oppio
661 1114 802 1152 contra
831 1111 894 1152 M.
928 1111 1064 1153 Cottae
1095 1112 1384 1153 auctoritatem.

200 1170 265 1210 11.
295 1168 378 1210 Iul.
405 1168 611 1211 Severian.
637 1173 690 1211 19
710 1183 751 1222 p.
777 1172 870 1211 366.
895 1172 926 1211 2
951 1170 1094 1211 Halm.
1120 1170 1452 1212 Illisericordicmi

108 1240 320 1277 movemus,
345 1228 382 1269 si
406 1228 456 1269 ab
481 1228 534 1269 iis
558 1241 632 1270 nos
650 1229 874 1281 inpuynari
893 1229 1078 1282 dicimus,
1102 1242 1274 1281 quorum
1295 1230 1452 1272 auxilio

55 1297 88 1324 20
109 1287 186 1327 tuti
216 1299 296 1328 esse
327 1286 570 1340 deberemus,
600 1290 648 1328 ut
678 1286 813 1328 Cicero
837 1301 917 1340 pro
951 1286 1092 1340 Oppio.

199 1345 264 1386 12.
296 1343 511 1387 Charisius
541 1344 574 1386 I
591 1359 634 1398 p.
660 1348 753 1387 143.
779 1349 834 1386 14
860 1346 967 1387 Keil.
1000 1345 1135 1388 Cicero
1166 1360 1320 1399 quoque
1350 1348 1451 1389 divi-

107 1404 271 1445 natione
301 1404 346 1445 in
384 1404 545 1446 Verrem
576 1407 614 1445 et
636 1417 716 1457 pro
750 1403 879 1457 Oppio
910 1404 967 1445 ΙΙ
973 1419 986 1445 .·
1020 1404 1168 1446 senati.

497 1606 564 1644 IV.
609 1606 709 1645 PRO
743 1606 784 1645 C.
816 1606 1058 1646 MANILIO.

204 1695 292 1738 Vid.
323 1696 555 1738 Buecheler.
602 1696 646 1749 Q.
679 1696 759 1739 Cic.
786 1700 865 1750 pet.
897 1711 1001 1739 cons.
1032 1701 1096 1739 13.
1129 1699 1181 1739 51
1205 1712 1248 1751 p.
1281 1700 1346 1740 59.

55 1767 89 1793 25
196 1755 305 1796 Non.
329 1768 374 1808 p.
406 1758 501 1796 434.
532 1759 586 1797 30
619 1755 755 1798 Cicero
787 1770 864 1809 pro
895 1757 1098 1798 Manilio:
1140 1756 1221 1798 Hic
1254 1771 1333 1812 ego
1366 1771 1452 1798 non

109 1813 250 1855 solum
282 1813 506 1868 confiteor,
538 1828 686 1856 verum
720 1815 851 1856 etiam
883 1815 1100 1869 profiteor.

482 2017 531 2056 V.
574 2017 676 2056 PRO
710 2017 750 2056 C.
782 2016 1072 2055 FUNDANIO.

203 2107 248 2150 V.
279 2108 467 2151 Buecliel.
501 2109 546 2161 Q.
578 2108 659 2151 Cic.
684 2112 764 2162 pet.
796 2123 900 2151 cons.
933 2111 969 2151 5.
1000 2112 1054 2151 19
1078 2123 1122 2161 p.
1154 2112 1221 2151 38.

197 2169 232 2208 1.
269 2167 473 2209 Priscian.
513 2168 609 2210 VH
633 2172 697 2210 11.
727 2172 786 2210 58
814 2182 859 2221 p.
891 2170 982 2209 335.
1015 2171 1069 2209 18
1105 2168 1163 2209 H.
1203 2166 1341 2209 Cicero
1372 2181 1452 2220 pro

52 2235 86 2261 30
105 2225 352 2267 Fundanio:
390 2225 490 2268 Non
527 2226 655 2268 modo
694 2227 775 2268 hoc
814 2242 838 2268 a
869 2226 1004 2268 Villio
1043 2225 1230 2279 Annale,
1270 2226 1343 2267 sed
1381 2226 1452 2267 vix

105 2283 346 2326 mehercule
378 2300 404 2326 a
435 2284 482 2334 Q.
513 2284 711 2327 Muttone
742 2285 905 2327 factum
937 2285 1114 2340 probari
1146 2288 1303 2340 potest.
