1663 2490
143 1060 167 1102 8

126 1112 168 1143 35

130 2025 176 2063 36
197 2012 336 2062 Quare
374 2027 492 2055 error
528 2012 751 2055 hominum
796 2028 883 2055 non
920 2013 1171 2068 proborum,
1215 2028 1309 2055 cum
1354 2013 1528 2068 aliquid,

198 87 282 127 100
723 84 786 119 DE
813 84 1011 120 OFFICIIS

193 208 282 235 non
305 193 431 235 utilia
456 208 552 236 cum
576 193 769 235 honestis
795 207 988 248 pugnare
1014 193 1244 247 aliquando
1270 207 1397 248 posse
1418 193 1529 235 dixe·

194 252 253 293 rit
285 250 440 307 (neque
472 252 583 293 enim
616 252 654 293 ei
686 252 750 292 135
784 250 909 306 erat),
941 251 1014 292 sed
1046 266 1111 305 ea,
1144 266 1252 305 quae
1283 251 1531 293 viderentur

194 310 331 352 utilia.
392 311 514 352 Nihil
551 325 651 352 vero
689 310 816 361 utile,
854 309 966 363 quod
1008 324 1095 351 non
1137 310 1250 351 idem
1288 310 1530 361 honestum,

194 370 303 410 nihil
335 370 581 423 honestum,
615 368 727 423 quod
758 382 844 408 non
874 368 987 409 idem
1012 368 1118 409 utile
1144 369 1219 423 sit,
1247 383 1373 424 saepe
1398 371 1529 410 testa-

195 431 266 469 tur
296 431 511 494 negatque
547 428 682 469 ullam
714 429 878 481 pestem
917 427 1122 468 maiorem
1153 427 1198 468 in
1229 428 1363 469 vitam
1395 427 1530 469 homi·
1567 440 1584 465 5

194 501 296 529 num
335 487 542 528 invasisse
581 500 710 540 quam
742 499 889 526 eorum
920 485 1181 540 opinionem,
1222 487 1295 540 qui
1331 487 1418 527 ista
1449 486 1531 527 dis-

195 545 417 587 traxerint.
479 544 647 599 Itaque,
685 558 772 585 non
808 546 856 584 ut
900 544 1130 599 aliquando
1173 547 1530 600 anteponeremus

195 604 321 646 utilia
351 603 561 654 honestis,
601 603 675 644 sed
711 604 759 644 ut
797 617 846 644 ea
883 603 973 644 sine
1011 617 1154 644 errore
1193 603 1531 658 diiudicaremus,

196 663 232 704 si
276 662 444 716 quando
488 661 753 715 incidissent,
802 661 968 703 induxit
1012 676 1124 715 eam,
1165 676 1272 716 quae
1315 661 1531 704 videretur

196 735 305 771 esse,
348 735 435 762 non
479 734 586 774 quae
637 722 765 774 esset,
816 720 1157 775 repugnantiam.
1230 719 1352 762 Hane
1395 721 1530 776 igitur
1553 734 1584 759 10

194 782 363 835 partem
400 779 596 820 relictam
642 778 906 833 explebimus
950 778 1081 820 nullis
1120 778 1408 833 adminiculis,
1447 780 1531 833 sed,

195 842 243 880 ut
275 838 441 892 dieitur,
471 837 610 879 Marte
647 840 809 878 nostro.
871 836 1018 891 Neque
1056 837 1168 878 enim
1207 838 1435 892 quicquam
1467 841 1533 879 est

195 898 245 939 de
276 897 356 938 1136
393 899 516 951 parte
554 899 654 950 post
691 895 944 937 Panaetium
976 896 1255 950 explicatum,
1294 897 1406 950 quod
1444 897 1532 951 qui-

196 956 289 997 dem
327 955 433 996 mihi
475 956 743 1010 probaretur,
788 954 837 996 de
874 954 944 1008 iis,
990 969 1096 1009 quae
1135 955 1179 996 in
1223 969 1374 996 manus
1414 970 1530 997 meas

194 1017 410 1056 venerunt.
1551 1026 1584 1053 15

283 1072 391 1115 Cum
428 1073 562 1128 igitur
604 1072 751 1127 aliqua
789 1073 949 1127 speeies
994 1073 1197 1114 utilitatis
1243 1073 1409 1115 obieeta
1453 1077 1530 1128 est,

195 1132 454 1174 commoveri
490 1145 661 1173 neeesse
699 1133 781 1185 est3
827 1131 899 1172 sed
937 1131 991 1185 si,
1036 1146 1131 1173 611111
1169 1132 1357 1173 311111111111
1396 1134 1531 1173 311611-

196 1191 325 1245 deris,
356 1190 668 1245 turpitudinem
693 1190 839 1231 videas
866 1189 1110 1232 adiunctam
1137 1190 1174 1231 ei
1200 1190 1278 1245 rei,
1305 1205 1412 1245 quae
1440 1205 1530 1246 spe-

195 1250 302 1292 eiem
333 1249 535 1290 utilitatis
569 1249 781 1303 attulerit,
813 1251 905 1289 tum
936 1263 1022 1290 non
1053 1249 1219 1290 utilitas
1251 1249 1531 1304 relinquenda

197 1311 278 1362 est,
311 1308 384 1349 sed
415 1307 771 1363 intellegendum,
802 1307 875 1348 ubi
906 1307 1127 1361 turpitudo
1161 1308 1238 1362 sit,
1275 1308 1337 1349 ibi
1367 1308 1528 1350 utilita-
1548 1321 1584 1347 20

195 1370 283 1409 tem
317 1381 408 1408 esse
439 1381 525 1408 non
557 1380 694 1421 posse.
745 1365 905 1414 Quodsi
929 1366 1037 1407 nihil
1065 1368 1130 1408 est
1161 1369 1251 1408 tam
1278 1369 1428 1408 eontra
1457 1382 1529 1409 na-

195 1430 338 1468 turam
371 1440 498 1479 quam
531 1424 752 1480 turpitudo
785 1423 921 1479 (reeta
947 1426 1059 1466 enim
1091 1427 1134 1466 et
1159 1425 1456 1467 convenientia
1487 1429 1531 1468 et

196 1484 440 1527 constantia
476 1487 632 1525 natura
670 1483 882 1524 desiderat
920 1486 1257 1539 aspernaturque
1296 1483 1530 1540 contraria)

195 1543 387 1597 nihilque
419 1546 509 1584 tam
542 1542 771 1584 seeundum
802 1545 1002 1584 naturam
1034 1557 1161 1597 quam
1198 1543 1383 1598 utilitas,
1416 1546 1529 1585 certe

196 1604 241 1643 in
284 1602 431 1643 eadem
474 1616 519 1642 re
563 1601 731 1642 utilitas
769 1603 812 1642 et
848 1601 1070 1656 turpitudo
1109 1615 1200 1643 esse
1242 1616 1329 1644 non
1371 1605 1527 1657 potest.
1549 1614 1582 1640 25

195 1661 408 1715 Itemque,
440 1660 476 1702 51
509 1660 562 1701 311
592 1660 864 1702 honestatem
888 1660 981 1701 nati
1006 1674 1151 1702 sumus
1177 1675 1310 1715 eaque
1336 1669 1410 1702 aut
1437 1662 1530 1703 sola

197 1719 433 1775 expetenda
470 1721 552 1773 est,
583 1721 632 1760 ut
664 1718 823 1760 Zenoni
860 1718 999 1760 visum
1038 1721 1120 1774 est,
1159 1722 1234 1760 aut
1265 1722 1379 1761 certe
1412 1720 1529 1761 omni

195 1779 382 1832 pondere
415 1778 588 1834 gravior
624 1777 820 1819 habenda
858 1792 986 1832 quam
1017 1778 1183 1833 reliqua
1215 1778 1378 1832 omnia,
1417 1779 1530 1833 quod

196 1837 424 1878 Aristoteli
455 1837 615 1892 placet,
646 1850 816 1878 neeesse
849 1838 932 1891 est,
971 1836 1083 1891 quod
1114 1837 1343 1878 honestum
1375 1837 1448 1892 sit,
1485 1837 1529 1879 id

196 1910 287 1937 esse
321 1898 394 1937 aut
427 1896 566 1937 solum
598 1898 673 1937 aut
699 1910 911 1937 summum
936 1895 1116 1949 bonum3
1150 1895 1263 1950 quod
1287 1898 1430 1937 autem
1456 1896 1528 1938 bo·
1547 1908 1582 1933 ³⁰
1617 1920 1627 1931 ·=
1661 1895 1663 1917 ⁴

194 1969 315 2008 num,
346 1954 389 1996 id
421 1957 535 1996 certe
566 1954 690 2008 utile3
721 1954 800 2009 ita,
833 1954 1031 2009 quiequid
1063 1954 1310 2008 honestum,
1342 1954 1385 1995 id
1410 1955 1528 1997 utile.

197 2072 309 2126 quod
346 2072 452 2113 utile
488 2072 628 2113 visum
665 2074 748 2126 est,
786 2072 983 2127 arripuit,
1026 2071 1069 2112 id
1106 2072 1307 2114 continuo
1347 2073 1529 2114 secernit

196 2131 249 2173 ab
270 2130 463 2172 honesto.
512 2130 624 2171 Hine
650 2130 778 2185 51636,
803 2130 903 2172 111116
926 2145 1105 2184 venena,
1132 2130 1230 2173 hinc
1254 2131 1367 2172 falsa
1398 2133 1528 2173 testa-

195 2191 340 2231 menta
376 2192 622 2244 nascuntur,
659 2189 758 2231 111116
795 2189 927 2243 furta,
965 2189 1204 2243 peculatus,
1244 2190 1526 2244 expilationes
1546 2201 1579 2227 35
1608 2203 1614 2226 r
1652 2186 1661 2212 *³

196 2248 539 2303 direptionesque
571 2248 783 2290 sociorum
816 2251 857 2289 et
888 2248 1061 2300 civium,
1093 2248 1192 2290 111116
1218 2262 1347 2302 opum
1378 2248 1528 2290 nimia-

194 2321 301 2362 rum,
326 2307 544 2362 potentia'e
569 2321 655 2349 non
679 2306 888 2361 ferendae,
914 2309 1132 2362 postremo
1153 2307 1284 2349 etiam
1308 2307 1354 2348 in
1379 2307 1526 2349 liberis
