1663 2490
122 464 164 495 52

121 1286 163 1318 53

127 1629 177 1669 13

122 1874 166 1904 54

123 2285 165 2316 55

198 52 277 93 106
726 50 790 83 DE
817 50 1016 85 OFFICIIS

190 159 375 215 Diogeni
407 158 689 212 venditorem,
729 160 938 211 qnatenus
976 158 1066 199 iure
1098 158 1213 200 civili
1245 158 1528 200 constitutum

192 219 260 272 sit,
293 218 428 259 dicere
460 218 565 258 vitia
597 220 807 271 oportere,
840 219 979 258 cetera
1013 217 1102 258 sine
1134 216 1300 258 insidiis
1327 231 1453 273 agere
1475 220 1529 271 et,

192 277 393 331 quoniam
426 276 599 328 vendat,
638 276 747 316 velle
788 290 915 329 quam
954 278 1128 330 optume
1160 276 1352 317 vendere.
1414 275 1529 316 ‘Ad-

192 336 319 388 vexi,
364 334 592 390 exposui,
637 333 795 374 vendo
842 349 1000 374 meum
1043 349 1141 376 non
1179 334 1343 389 pluris
1383 349 1529 388 quam

192 394 368 448 ceteri,
405 393 630 434 fortasse
669 393 821 433 etiam
854 392 1085 443 minoris,
1123 407 1229 435 cum
1263 393 1422 434 maior
1454 396 1530 434 est
1567 405 1580 430 ε

192 453 349 507 copia.
412 451 500 493 Cui
532 451 596 491 sit
627 450 867 492 iniuria‘?’
929 450 1133 492 Exoritur
1165 452 1387 506 Antipatri
1418 453 1529 493 ratio

193 526 241 553 ex
287 512 425 552 altera
469 512 608 564 parte:
653 508 801 557 tQuid
846 509 948 551 ais?
993 514 1046 551 tu
1090 525 1196 551 cum
1237 511 1529 552 hominibus

192 570 460 612 consulere
493 568 677 609 debeas
711 571 758 609 et
790 569 983 609 servire
1010 569 1257 610 humanae
1287 569 1530 611 societati

192 642 347 682 eaque
393 628 502 683 lege
546 630 696 668 natus
742 627 811 668 sis
856 630 904 668 et
944 641 998 668 ea
1043 627 1231 669 habeas
1276 628 1531 682 principia

191 690 422 739 naturae,
461 686 643 740 quibus
682 700 859 740 parere
899 688 946 726 et
985 700 1109 740 quae
1148 687 1290 740 sequi
1331 686 1584 740 debeas‚10

194 748 246 787 ut
278 745 485 786 utilitas
518 747 604 786 tua
635 744 913 786 communis
947 745 1015 785 sit
1047 745 1254 786 utilitas
1281 745 1531 786 vicissim-

193 819 285 858 que
323 804 599 845 communis
638 804 846 844 utilitas
884 807 972 844 tua
1010 804 1096 856 sit,
1140 804 1334 845 celabis
1373 804 1531 845 homi-

191 877 295 917 nes,
341 863 459 916 quid
502 863 566 903 iis
611 862 748 903 adsit
793 862 1173 903 commoditatis
1218 865 1266 903 et
1303 861 1530 917 copiae‘R’

192 921 484 976 Respondebit
504 921 719 977 Diogenes
739 920 923 962 fortasse
945 922 1021 962 sic:
1048 920 1224 962 ‘Aliud
1251 924 1327 962 est
1348 922 1531 974 celare,

193 980 331 1022 aliud
370 983 557 1033 tacere,
601 994 759 1034 neque
799 994 889 1035 ego
927 994 1055 1021 nunc
1093 983 1141 1021 te
1179 980 1304 1034 celo,
1349 980 1391 1021 si
1434 980 1584 1021 tibi15

192 1054 290 1081 non
323 1039 449 1093 dico,
483 1053 606 1093 quae
638 1042 823 1080 natura
850 1039 1053 1080 deorum
1081 1039 1169 1092 sit,
1202 1039 1287 1092 qui
1313 1039 1381 1080 sit
1407 1038 1530 1080 finis

192 1099 456 1151 bonorum,
502 1112 626 1152 quae
671 1098 767 1139 tibi
810 1098 924 1152 plus
974 1097 1278 1152 prodessent
1323 1098 1532 1154 cognita

194 1172 339 1212 quam
385 1157 552 1198 tritici
601 1156 799 1210 vilitas3
850 1156 933 1197 sed
983 1171 1100 1210 non,
1151 1157 1390 1210 quicquid
1434 1157 1532 1197 tibi

193 1216 368 1257 audire
400 1215 530 1256 utile
563 1218 656 1269 est,
687 1215 816 1256 idem
849 1215 972 1256 mihi
1005 1215 1169 1257 dicere
1201 1230 1399 1257 necesse
1428 1215 1531 1257 est?

193 1275 368 1316 ‘Immo
401 1273 554 1328 vero',
586 1274 750 1328 inquiet
775 1274 860 1328 ille,
893 1273 1120 1315 ‘necesse
1154 1277 1248 1327 est,
1281 1274 1530 1328 siquidem
1552 1286 1585 1310 20

194 1333 473 1375 meministi
513 1347 622 1374 esse
654 1335 789 1374 inter
820 1332 1049 1374 homines
1082 1336 1265 1373 natura
1297 1333 1532 1375 coniunc—

192 1396 293 1434 tam
321 1391 650 1434 societatem.'
696 1391 954 1445 ‘Memini',
981 1391 1145 1445 inquiet
1165 1392 1257 1445 ille3
1284 1391 1391 1432 ‘sed
1416 1407 1528 1433 nun]

192 1452 294 1493 ista
326 1452 549 1492 societas
581 1450 705 1492 talis
738 1453 831 1504 est,
864 1453 916 1491 ut
947 1450 1077 1491 nihil
1112 1464 1253 1491 suum
1286 1451 1532 1505 cuiusque

194 1511 289 1551 sit‘?
352 1509 489 1558 Quod
528 1509 570 1550 si
616 1510 689 1550 ita
733 1512 828 1562 est,
870 1523 928 1550 ne
971 1509 1287 1550 vendundum
1333 1509 1531 1563 quidem

194 1570 462 1624 quicquam
495 1571 589 1621 est,
622 1568 707 1609 sed
740 1567 1049 1609 donandum?
1552 1581 1585 1606 25

280 1625 411 1669 Vides
455 1628 499 1668 in
543 1627 623 1668 hac
666 1629 760 1668 tota
804 1627 1111 1681 disceptatione
1154 1641 1239 1668 non
1283 1626 1390 1667 illud
1432 1627 1531 1668 dici:

193 1686 412 1735 <Quamvis
444 1687 525 1727 hoc
555 1688 680 1741 turpe
713 1686 787 1739 sit,
818 1688 981 1739 tamen,
1014 1685 1214 1740 quoniam
1248 1685 1435 1740 expedit,
1472 1685 1532 1726 fa-

193 1745 330 1799 ciam',
369 1745 443 1786 sed
479 1746 541 1786 ita
579 1744 792 1799 expedire,
831 1747 878 1786 ut
915 1747 1039 1799 turpe
1076 1759 1162 1785 non
1201 1744 1274 1798 sit,
1313 1759 1362 1785 ex
1395 1745 1532 1785 altera

194 1807 337 1846 autem
370 1806 510 1858 parte,
550 1818 599 1844 ea
630 1818 692 1857 re,
731 1804 830 1858 quia
861 1806 986 1857 turpe
1019 1804 1093 1856 sit,
1130 1817 1215 1844 non
1249 1817 1340 1844 esse
1378 1802 1532 1844 facien-

194 1864 304 1905 dum.
368 1862 538 1904 Vendat
577 1862 700 1904 aedes
738 1862 804 1902 vir
841 1862 977 1903 bonus
1016 1865 1192 1916 propter
1230 1862 1374 1916 aliqua
1415 1862 1531 1915 vitia,
1552 1874 1585 1900 30

194 1937 300 1976 quae
320 1922 412 1977 ipse
431 1922 559 1975 norit,
586 1921 714 1963 ceteri
734 1921 946 1976 ignorent,
966 1921 1216 1975 pestilentes
1238 1921 1324 1961 sint
1345 1923 1387 1961 et
1406 1921 1532 1962 habe-

194 1984 320 2022 antur
353 1981 564 2034 salubres,
605 1981 828 2036 ignoretur
860 1980 904 2020 in
936 1979 1132 2021 omnibus
1165 1979 1371 2021 cubiculis
1405 1994 1532 2034 appa-

193 2054 284 2081 rere
312 2042 543 2094 serpentes,
569 2040 680 2080 male
706 2039 959 2080 materiatae
984 2039 1078 2091 sint,
1110 2038 1319 2091 ruinosae,
1353 2038 1425 2079 sed
1451 2038 1532 2080 hoc

192 2101 362 2153 praeter
394 2098 612 2139 dominum
644 2112 768 2140 nemo
802 2098 926 2151 sciat3
959 2111 1134 2151 quaero,
1167 2097 1202 2138 si
1234 2097 1338 2138 haec
1371 2100 1532 2152 empto-

192 2157 310 2198 ribus
343 2157 540 2198 venditor
576 2171 661 2198 non
700 2156 854 2198 dixerit
886 2155 1092 2210 aedesque
1125 2155 1363 2197 vendiderit
1395 2156 1532 2210 pluris
1554 2167 1584 2192 35

194 2217 343 2269 multo,
370 2231 498 2270 quam
518 2230 563 2257 se
583 2215 855 2257 venditurum
875 2214 1050 2270 putarit,
1075 2214 1247 2257 numid
1272 2215 1429 2256 iniuste
1458 2218 1532 2255 aut

194 2275 373 2331 inprobe
404 2274 566 2316 fecerit.
616 2273 734 2315 ‘Ille
760 2273 912 2329 vero',
943 2273 1082 2328 inquit
1108 2274 1357 2329 Antipater;
1390 2273 1532 2328 ‘quid

1611 2295 1618 2328 t

1653 2172 1661 2188 (Σ
