1673 2505
459 66 758 102 ORATIONUM.
785 67 826 101 A.
854 67 887 101 11
914 71 1039 102 5-19,
1345 66 1429 108 233

98 176 275 219 Vareno:
306 174 371 216 Ea
398 175 546 216 caedes
574 175 610 217 si
636 175 910 230 potissimum
936 173 1103 216 crimini
1137 174 1276 228 datur,
1308 174 1430 215 detur

90 235 145 289 ei,
177 234 270 276 cuia.
301 233 515 286 interfuit,
546 248 633 275 non
666 234 720 286 ei,
753 233 846 275 cuia
877 232 986 273 nihil
1019 231 1226 273 interfuit.

182 293 245 333 12.
292 292 462 344 Quintil.
499 292 575 333 IV
605 295 647 334 2.
683 295 742 333 26
777 305 856 344 pro
905 291 1060 333 Vareno
1102 304 1256 343 quoque
1291 293 1429 343 postea

90 351 293 401 narravit,
323 364 447 403 qnam
478 350 627 391 obiecta
656 351 788 392 diluit.

55 423 71 448 5
181 410 246 450 13.
286 408 456 460 Quintil.
503 408 597 450 VII
626 412 667 451 2.
704 412 758 450 36
796 409 1022 457 Patronus,
1059 408 1241 460 quotiens
1270 408 1432 460 poterit,

90 468 259 510 instabit
286 467 380 509 haic
411 468 513 520 loco,
543 470 591 508 ut
619 467 725 508 nihil
755 467 939 508 credibile
968 467 1024 508 sit
1050 466 1206 518 factum
1237 479 1317 507 esse
1347 466 1434 507 sine

90 539 225 568 causa.
277 525 393 577 Quod
416 525 552 567 Cicero
583 525 919 567 vehementissime
951 526 993 566 in
1018 525 1158 566 multis
1183 524 1433 565 orationibus

91 588 255 636 tractat,
286 585 505 637 praecipue
536 588 671 626 tamen
694 598 774 637 pro
815 585 989 638 Vareno,
1020 584 1090 636 qni
1122 583 1307 625 omnibus
1338 583 1434 624 aliis

88 643 364 697 premebatur;
396 657 496 684 nani
526 646 564 684 et
592 644 814 684 danmatns
844 646 911 685 est.

42 716 72 742 ιο
183 702 248 743 14.
282 702 450 753 Quintil.
487 702 527 742 V
550 706 614 743 10.
647 705 700 743 69
731 702 807 743 Fit
835 702 957 742 etiam
988 715 1036 742 ex
1066 700 1229 751 dnobus,
1261 714 1432 753 quornm

91 773 241 803 necesse
260 764 318 802 est
341 774 421 802 esse
439 761 613 802 alterum
632 774 783 809 verum,
809 761 981 813 eliyendi
1000 760 1232 801 adversario
1244 762 1434 812 potestas,

93 819 354 873 efficiturque,
385 823 441 869 nt,
471 822 611 861 utrum
642 820 810 872 eleyerit,
840 822 988 860 noceat.
1044 819 1170 859 Facit
1197 818 1269 859 hoc
1299 817 1435 859 Cicero

84 891 163 931 pro
191 877 319 930 Oppio
348 901 396 907 —
426 881 463 918 et
484 892 563 930 pro
598 878 776 919 Vareno:
810 876 939 932 Optio
966 877 1088 918 vobis
1121 876 1257 929 datur,
1289 878 1434 917 utrum

91 936 235 978 velitis
268 951 368 978 casu
400 936 477 977 isso
510 936 662 977 itinere
690 935 909 977 Varenum
941 950 1065 976 usum
1098 950 1190 976 esse
1223 950 1275 976 an
1308 935 1434 976 huius

41 1008 72 1034 15
92 1010 300 1050 persuasu
338 998 380 1036 et
416 994 604 1036 inductu.
665 994 826 1036 Deinde
861 998 1033 1046 ‘utraque
1066 994 1171 1046 facit
1211 994 1436 1035 accusatori

91 1055 312 1095 contraria.

184 1112 248 1153 15.
280 1112 410 1153 Prisc.
450 1112 545 1153 VH
570 1115 607 1153 6.
638 1113 695 1154 25
718 1125 761 1164 p.
792 1114 888 1152 307.
920 1115 975 1152 17
1005 1110 1063 1151 H.
1098 1110 1213 1152 Idem
1242 1124 1321 1163 pro
1360 1110 1436 1152 Va-

91 1184 210 1212 reno:
242 1170 367 1211 deum
398 1170 525 1211 fidem
552 1184 629 1223 pro
662 1169 870 1212 ‘deorzmzz

184 1229 249 1271 16.
280 1229 392 1270 Ptin.
424 1243 481 1281 ep.
513 1229 545 1270 I
570 1232 641 1271 20.
673 1233 700 1270 7
734 1229 866 1270 Testes
895 1231 991 1270 sunt
1027 1228 1179 1269 multae
1216 1228 1437 1269 multorum

40 1300 74 1326 20
93 1289 294 1329 orationes
325 1291 363 1329 et
392 1287 596 1330 Ciceronis
618 1302 699 1340 pro
729 1287 922 1340 Murena,
949 1301 1026 1339 pro
1066 1287 1244 1337 Vareno,
1277 1287 1321 1328 in
1352 1287 1434 1339 qui·

93 1347 165 1389 bus
202 1347 329 1388 brevis
365 1350 402 1388 et
436 1348 550 1388 nuda
585 1347 705 1399 quasi
741 1346 980 1398 subscriptio
1011 1346 1270 1398 quorundam
1300 1346 1437 1386 crimi-

92 1419 194 1446 num
224 1406 320 1447 solis
359 1406 488 1447 titulis
528 1406 742 1447 indicatur.
803 1405 874 1446 Ex
903 1404 967 1446 liis
996 1408 1167 1457 apparet
1203 1405 1320 1445 illam
1345 1418 1438 1456 per-

93 1464 241 1513 multa,
272 1477 375 1517 quae
404 1465 589 1518 dixisset,
620 1478 711 1506 cum
741 1464 886 1517 ederet,
918 1463 1110 1505 omisisse.

187 1523 251 1564 17.
297 1522 434 1574 Quint.
485 1522 552 1564 VI
589 1526 625 1564 1.
669 1525 725 1564 49
768 1522 941 1575 Eyreqie
985 1521 1140 1573 Cicero,
1183 1522 1256 1574 qui
1299 1525 1439 1563 contra

42 1593 75 1618 25
97 1581 316 1635 imayineni
340 1580 563 1623 Saturnini
581 1595 659 1634 pro
685 1581 856 1622 Rabirio
884 1581 1064 1634 yraviter
1095 1583 1132 1621 et
1161 1584 1301 1622 contra
1336 1581 1439 1621 iuve-

94 1653 202 1693 nem,
239 1640 355 1682 cuius
384 1640 552 1681 subinde
588 1640 737 1681 vulnus
775 1641 818 1681 in
858 1640 1005 1681 iudicio
1042 1639 1329 1689 resolvebatur,
1363 1653 1439 1691 pro

102 1698 260 1740 Vareno
291 1699 423 1740 multa
454 1699 561 1740 dixit
590 1699 754 1740 urbane.

187 1758 251 1799 18.
278 1757 360 1799 Iul.
382 1757 588 1799 Severian.
606 1771 741 1810 praec.
767 1760 845 1798 art.
869 1756 968 1798 rhet.
989 1760 1015 1798 7
1032 1771 1076 1809 p.
1096 1759 1189 1798 353.
1214 1758 1270 1798 25
1296 1756 1439 1797 Halm.

95 1815 294 1857 Incidunt
321 1829 482 1868 causae,
520 1816 565 1857 in
595 1817 756 1869 quibus,
793 1817 901 1868 qnod
928 1829 1133 1857 summani
1168 1815 1285 1856 habet
1319 1829 1439 1868 qnae-

43 1885 78 1911 30
95 1875 249 1924 stiones,
280 1888 432 1928 mayna
456 1888 505 1916 ex
528 1878 650 1927 parte
675 1875 934 1916 tractandum
957 1875 1013 1915 sit
1036 1877 1072 1915 et
1095 1874 1154 1916 sic
1177 1875 1233 1915 sit
1248 1875 1441 1926 ponenda

96 1934 301 1980 narratio,
332 1937 380 1974 ut
404 1947 482 1986 pro
522 1934 680 1975 Vareno
711 1933 770 1975 vel
794 1947 873 1985 pro
905 1933 1073 1974 Habito.

187 1992 251 2033 19.
286 1992 422 2043 Quint.
462 1992 557 2034 VII
582 1996 618 2033 1.
649 1995 706 2034 12
736 1992 846 2033 Ante
881 1995 993 2032 actae
1023 1993 1128 2033 vitae
1157 1992 1333 2033 crimina
1357 1992 1441 2045 ple-

95 2064 265 2103 rumque
288 2052 431 2103 prima
454 2052 678 2104 puryanda
709 2054 816 2104 sunt,
847 2054 893 2091 nt
922 2051 976 2101 id,
1007 2051 1055 2092 de
1084 2064 1162 2103 qno
1195 2051 1355 2092 laturus
1386 2054 1444 2092 est

96 2110 336 2151 sententiam
380 2110 518 2160 iudex,
563 2110 707 2151 audire
741 2110 950 2162 propitius
992 2110 1175 2162 incipiat.
1249 2108 1331 2151 Sed
1371 2109 1443 2150 icoc

44 2177 78 2203 35
97 2181 249 2220 quoque
276 2181 351 2220 pro
390 2168 548 2210 Vareno
580 2167 716 2210 Cicero
747 2169 793 2209 in
823 2168 1013 2209 ultimum
1038 2168 1206 2217 distulit,
1237 2182 1320 2210 non
1345 2169 1445 2220 quid

94 2226 433 2282 frequentissime,
464 2228 534 2269 sed
562 2228 662 2280 quid
692 2230 777 2268 tum
809 2227 1018 2282 eapecliret,
1050 2227 1235 2269 intuitus.
