1673 2505
82 753 113 776 10

81 1339 114 1363 20

81 1631 115 1656 25

80 1926 114 1951 30

78 2219 112 2244 35

583 104 682 140 CAP.
709 108 800 139 2—5
849 110 868 146 ς·
895 109 1020 141 6-13.
1385 107 1468 146 421

134 228 236 255 num
274 212 319 253 in
355 227 401 254 re
438 212 610 267 publica
641 211 952 266 perbacchatus
984 214 1050 252 est
1082 211 1326 265 omniaque,
1364 226 1472 265 quae

135 273 442 323 commoverat,
481 285 584 326 pace
616 273 659 311 et
691 270 779 311 otio
811 270 1075 322 resederunt,
1114 269 1194 310 hoc
1232 270 1378 310 ordine
1410 284 1472 310 re-

134 331 313 372 vocante
359 331 487 383 atque
530 329 625 383 ipsa
662 343 707 369 re
745 328 917 383 publica
955 343 1084 369 manu
1120 327 1366 369 retrahente
1404 342 1471 368 me

134 388 304 430 reverti.
354 386 436 436 Qui
467 387 573 429 mihi
605 387 706 441 dies,
739 387 775 427 si
806 402 901 428 cum
929 386 1045 428 omni
1072 387 1236 441 reliqua
1261 386 1351 427 vita
1377 400 1472 427 con-

133 447 310 500 feratur,
343 446 485 487 animo
519 446 688 500 quidem
721 460 815 486 meo
848 448 1031 500 superet,
1062 460 1158 486 cum
1183 444 1369 486 universi
1394 459 1470 486 vos

135 505 402 560 populusque
427 504 645 546 Romanus
671 504 870 558 frequens
898 504 1083 545 adventu
1109 518 1202 545 meo
1227 503 1471 559 gratulatus

135 567 218 617 est3
257 564 369 605 tanti
400 578 485 617 me,
521 563 735 619 fugacem,
774 563 1113 605 mercennarium
1144 564 1392 617 patronum,
1427 560 1472 602 hi

135 623 482 664 aestimaverunt.
531 620 681 676 Neque
706 621 877 663 hercule
904 622 1058 663 mirum
1084 623 1161 675 est,
1194 621 1230 662 si
1259 635 1339 676 ego
1367 634 1471 661 sem-

134 696 210 736 per
247 681 382 722 iustas
422 680 611 721 omnium
656 680 867 722 amicitias
909 680 1162 722 existimavi.
1223 679 1322 721 Non
1359 679 1472 721 enim

133 739 207 781 uni
244 739 449 794 privatim
487 739 715 781 ancillatus
755 754 848 780 sum
892 754 1028 793 neque
1073 753 1139 780 me
1184 738 1343 791 addixi,
1387 738 1473 791 sed,

135 801 343 853 quantum
381 798 560 852 quisque
596 798 658 839 rei
696 798 891 853 publicae
930 798 1110 851 studuit,
1153 800 1323 839 tantum
1366 797 1474 838 mihi

132 857 215 898 fuit
248 859 322 898 aut
355 857 516 898 amicus
543 859 618 898 aut
649 857 929 898 adversarius.
978 857 1072 912 Ego
1098 856 1207 898 nihil
1232 856 1329 910 plus
1355 855 1474 897 volui

134 916 277 957 valere
310 930 437 970 quam
470 930 631 970 pacem,
662 916 789 957 multi
820 915 1089 970 privatorum
1116 915 1314 956 audacias
1339 914 1474 955 nutri-

134 977 305 1029 verunt3
350 988 429 1030 ego
467 974 576 1015 nihil
614 974 739 1015 timui
775 974 859 1015 nisi
896 974 1032 1030 leges,
1076 973 1202 1015 multi
1240 988 1359 1015 arma
1397 987 1474 1014 sua

99 1046 113 1069 5
134 1033 278 1074 timeri
308 1033 556 1087 voluerunt3
588 1048 667 1088 ego
693 1048 927 1087 numquam
952 1032 1069 1075 volui
1095 1033 1321 1087 quicquam
1346 1046 1473 1087 posse

133 1092 217 1133 nisi
247 1106 326 1147 pro
358 1091 500 1145 vobis,
537 1092 665 1133 multi
702 1106 752 1133 ex
790 1092 912 1133 vobis
949 1092 1145 1146 potentia
1180 1091 1281 1132 freti
1317 1091 1363 1132 in
1396 1105 1473 1133 vos

134 1150 222 1192 suis
259 1150 423 1192 viribus
463 1151 586 1191 abusi
625 1153 734 1192 srmt.
795 1150 947 1204 Itaque
983 1165 1069 1191 non
1111 1153 1176 1191 est
1220 1150 1393 1204 mirum,
1438 1149 1474 1190 si

132 1208 293 1250 nullius
345 1209 535 1250 amicitia
583 1205 685 1250 usus
736 1223 850 1261 sum,
907 1209 979 1263 qui
1026 1224 1114 1250 non
1162 1211 1367 1263 perpetuo
1412 1208 1474 1249 rei

132 1268 330 1323 publicae
375 1268 536 1309 amicus
581 1268 674 1308 fuit.
747 1267 896 1322 Neque
941 1282 1007 1308 me
1051 1268 1265 1322 paenitet,
1316 1267 1353 1308 si
1399 1269 1474 1308 aut

134 1326 301 1381 petenti
336 1325 514 1368 Vatinio
553 1341 625 1368 reo
668 1326 955 1381 patrocinium
998 1326 1219 1381 pollicitus
1264 1340 1358 1367 sum
1400 1328 1474 1367 aut

134 1385 247 1427 Sesti
282 1385 559 1426 insolentiam
599 1385 785 1440 repressi
817 1388 891 1426 aut
921 1385 1067 1426 Bibuli
1099 1385 1355 1440 patientiam
1387 1385 1474 1427 cul-

132 1444 234 1499 pavi
271 1446 346 1485 aut
383 1444 617 1485 virtutibus
650 1443 846 1485 Caesaris
884 1444 981 1485 favi.
1042 1442 1136 1485 Hae
1176 1444 1288 1485 enim
1326 1444 1473 1485 laudes

134 1502 332 1558 egregiae
359 1503 463 1544 civis
490 1505 533 1544 et
558 1503 706 1544 unicae
734 1505 851 1555 sunt,
883 1517 990 1557 quae
1017 1503 1054 1543 si
1084 1506 1133 1544 tu
1158 1503 1265 1544 mihi
1292 1505 1341 1544 ut
1366 1502 1473 1544 vitia

134 1561 286 1614 obicis,
329 1561 553 1603 temeritas
596 1564 672 1603 tua
712 1561 1063 1616 reprehendetur,
1105 1576 1194 1603 non
1236 1576 1331 1603 mea
1368 1561 1475 1603 vitia

136 1620 435 1675 culpabuntur.
484 1620 617 1662 Plura
645 1620 838 1672 dicerem,
872 1620 908 1661 si
940 1620 1051 1675 apud
1084 1620 1191 1662 alios
1223 1620 1330 1661 mihi
1362 1623 1475 1662 esset

135 1679 448 1732 disserendum,
485 1682 631 1734 patres
669 1679 920 1734 conscripti,
955 1694 1042 1721 non
1080 1678 1193 1734 apud
1228 1694 1326 1733 VOS,
1368 1694 1475 1734 quos

133 1737 266 1779 habui
298 1738 489 1780 omnium
521 1753 712 1779 mearum
745 1738 960 1780 actionum
992 1738 1238 1780 monitores,
1289 1737 1371 1779 Sed
1402 1738 1476 1780 ubi

133 1811 276 1838 rerum
307 1797 559 1838 testimonia
591 1797 764 1850 adsunt,
797 1797 898 1851 quid
930 1811 1036 1852 opus
1070 1799 1135 1838 est
1167 1796 1338 1838 verbis?

222 1854 358 1910 Nunc,
390 1858 438 1897 ut
471 1856 524 1897 ad
555 1858 597 1897 te
629 1858 832 1909 revertar,
866 1855 1038 1909 Salusti,
1070 1858 1321 1911 patremque
1353 1858 1474 1897 tuum

133 1917 414 1980 praeteream,
447 1915 519 1969 qui
551 1915 588 1955 si
618 1929 853 1969 numquam
884 1915 929 1955 in
960 1915 1051 1956 vita
1077 1929 1153 1956 sua
1178 1914 1382 1970 peccavit,
1413 1917 1475 1956 ta—

134 1987 232 2014 men
263 1973 470 2015 maiorem
501 1973 702 2014 iniuriam
734 1973 796 2014 rei
821 1973 1018 2028 publicae
1044 1973 1184 2015 facere
1208 1988 1296 2015 non
1320 1974 1476 2040 potuit,

135 2046 263 2087 quam
296 2032 410 2086 quod
440 2034 483 2073 te
515 2032 649 2073 talem
679 2032 816 2073 filium
850 2033 1015 2088 genuit,
1052 2047 1206 2087 neque,
1244 2035 1291 2074 tu
1324 2032 1361 2074 si
1393 2048 1477 2087 qua

132 2092 178 2132 in
209 2091 394 2145 pueritia
425 2091 632 2146 peccasti,
670 2105 893 2146 exsequar,
927 2106 979 2132 ne
1012 2093 1233 2146 parentem
1265 2094 1387 2133 tuum
1419 2091 1476 2133 vi-

134 2149 235 2190 dear
261 2164 472 2204 accusare,
499 2150 572 2204 qui
598 2164 647 2191 eo
672 2151 865 2204 tempore
893 2164 1104 2191 summam
1130 2150 1194 2191 tui
1214 2152 1476 2205 potestatem

132 2208 297 2263 habuit,
330 2209 405 2250 sed
437 2209 608 2263 qualem
641 2208 974 2250 adolescentiam
1005 2209 1162 2264 egeris,
1193 2209 1274 2251 hac
1307 2209 1477 2251 demon-

133 2269 273 2308 strata
303 2267 429 2309 facile
460 2267 750 2323 intellegetur,
782 2282 910 2322 quam
935 2268 1150 2322 petulanti
1174 2267 1361 2323 pueritia
1385 2270 1476 2310 tam

131 2325 371 2381 impudicus
394 2328 436 2368 et
461 2341 620 2382 procax
647 2326 895 2368 adoleveris.
933 2326 1222 2382 Posteaquam
1243 2327 1475 2368 immensae

1497 607 1525 646 4

1500 658 1540 689 11

1501 1277 1543 1308 12

1501 1842 1528 1883 5

1503 1894 1545 1925 13
