1663 2490
370 61 459 96 ΜΒ.
486 61 548 98 111.
600 61 700 97 CAP.
729 65 783 105 19,
809 65 865 96 20.
915 64 935 104 ς
961 65 1110 97 75—81.
1327 63 1412 102 115

72 170 166 212 fieri
194 169 315 210 nullo
347 168 474 210 modo
506 171 670 223 potest,
700 168 779 222 sic,
811 168 925 223 quod
954 168 1185 210 honestum
1215 183 1302 210 11011
1333 171 1412 223 est,

72 229 116 270 id
146 227 252 269 utile
283 229 332 268 ut
363 227 438 282 sit,
476 227 587 269 effici
624 241 711 269 non
748 229 894 282 potest
931 227 1186 268 adversante
1218 230 1261 268 et
1290 241 1412 282 repu-

74 289 233 343 gnante
263 288 430 327 natura.

159 344 222 386 At
251 344 383 398 enim,
414 358 509 386 cum
541 359 778 400 permagna
808 344 1000 400 praemia
1031 347 1148 397 sunt,
1186 346 1253 385 est
1283 358 1412 386 causa
1426 336 1482 376 20

37 402 285 460 5peccandi.
335 401 381 445 C.
410 402 574 444 Marius
606 418 703 445 cum
735 418 761 444 a
791 417 867 458 spe
899 403 1148 445 consulatus
1179 403 1308 458 longe
1341 403 1411 443 ab·

72 464 185 504 esset
217 464 260 503 et
290 461 377 502 iam
410 461 640 517 septimum
673 476 831 503 annum
857 464 957 517 post
981 465 1229 517 praeturam
1254 462 1413 503 iaceret

70 535 207 575 neque
235 521 450 576 petiturus
475 535 680 575 umquam
705 521 977 562 consulatum
1002 520 1230 574 videretur,
1262 518 1308 568 Q.
1328 520 1414 561 Me-

70 580 245 633 tellum,
276 579 394 621 cuius
426 579 597 635 legatus
629 582 743 633 erat,
775 593 989 621 summum
1019 579 1159 621 virum
1191 581 1235 620 et
1265 578 1413 632 civem,

71 653 167 681 cum
193 638 247 680 ab
275 652 336 692 eo,
361 637 622 693 imperatore
648 651 738 692 suo,
762 637 947 680 Romam
972 638 1128 679 missus
1150 640 1274 692 esset,
1300 638 1413 692 apud

22 709 53 734 ιο
70 697 280 752 populum
311 697 553 738 Romanum
592 697 842 738 criminatus
881 699 947 739 est
985 697 1148 738 bellum
1184 697 1309 738 illum
1341 696 1413 738 du-

72 770 184 810 cere3
210 755 247 797 si
273 770 317 797 se
343 756 560 798 consulem
581 755 796 809 fecissent,
820 756 941 797 brevi
960 758 1154 811 tempore
1173 758 1249 797 aut
1266 755 1413 797 vivum

72 818 147 857 aut
178 817 396 856 mortuum
420 814 678 870 Iugurtham
710 829 754 856 se
785 814 831 855 in
861 817 1124 869 potestatem
1156 814 1306 869 populi
1331 814 1414 855 Ro-

72 874 189 915 mani
207 873 491 915 redacturum.
533 872 686 928 Itaque
708 873 848 915 factus
875 876 942 914 est
966 873 1040 914 ille
1061 873 1232 927 quidem
1252 873 1413 925 consul,

73 933 146 974 sed
178 947 204 974 a
233 932 316 973 fide
347 932 597 986 iustitiaque
630 932 843 986 discessit,
882 931 954 986 qui
993 933 1204 986 optimum
1243 934 1286 973 et
1319 946 1413 987 gra-

20 1002 52 1028 15
70 991 296 1033 vissimum
327 992 474 1044 civem,
506 991 625 1032 cuius
658 991 827 1046 legatus
860 993 903 1031 et
934 1005 960 1032 a
992 1005 1075 1045 quo
1105 990 1261 1031 missus
1289 994 1413 1044 esset,

70 1050 116 1091 in
145 1050 351 1101 invidiam
387 1049 500 1091 falso
539 1050 714 1091 crimine
753 1049 987 1090 adduxerit.
1036 1047 1103 1090 Ne
1140 1052 1289 1090 noster
1323 1049 1412 1103 qui-

71 1109 166 1151 dem
188 1107 465 1150 Gratidianus
491 1107 632 1150 officio
658 1108 740 1149 viri
764 1108 867 1149 boni
891 1107 1064 1149 functus
1091 1111 1157 1149 est
1182 1110 1288 1162 tum,
1317 1122 1413 1149 cum

69 1170 245 1223 praetor
287 1170 400 1209 esset
443 1167 757 1222 collegiumque
793 1167 1059 1221 praetorium
1096 1167 1260 1208 tribuni
1295 1167 1413 1221 plebi

72 1226 385 1280 adhibuissent,
416 1229 465 1268 ut
496 1240 563 1267 res
594 1226 837 1267 nummaria
869 1225 919 1266 de
951 1225 1167 1267 communi
1198 1226 1414 1267 sententia

19 1296 53 1322 20
72 1285 424 1339 constitueretur,
454 1285 699 1327 iactabatur
730 1284 845 1326 enim
875 1285 1143 1339 temporibus
1174 1284 1262 1325 illis
1293 1299 1414 1326 num-

71 1359 166 1386 mus
205 1345 282 1399 sic,
318 1347 368 1386 ut
402 1358 528 1385 nemo
565 1346 713 1398 posset
750 1343 874 1396 scire,
915 1343 1017 1397 quid
1053 1343 1243 1385 haberet.
1306 1341 1414 1386 Con-

73 1404 336 1459 scripserunt
367 1403 651 1445 communiter
683 1402 868 1444 edictum
901 1417 996 1444 cum
1027 1416 1166 1457 poena
1192 1404 1320 1456 atque
1351 1403 1413 1444 iu-

73 1462 182 1505 dicio
214 1462 626 1516 constitueruntque,
656 1464 705 1503 ut
736 1475 883 1503 omnes
917 1461 1044 1502 simul
1075 1461 1120 1502 in
1145 1463 1288 1503 rostra
1313 1464 1414 1516 post

72 1521 294 1563 meridiem
338 1521 622 1563 escenderent.
683 1520 743 1562 Et
778 1520 908 1562 ceteri
946 1519 1117 1575 quidem
1161 1520 1271 1561 alius
1315 1520 1414 1574 alio,

20 1590 53 1616 2⁵
71 1580 234 1622 Marius
267 1580 321 1621 ab
353 1579 570 1621 subselliis
600 1580 646 1620 in
677 1581 820 1620 rostra
850 1581 967 1621 recta
991 1579 1131 1633 idque,
1163 1578 1277 1633 quod
1302 1593 1413 1620 com-

72 1639 258 1681 muniter
290 1639 576 1694 compositum
607 1637 766 1692 fuerat,
808 1638 924 1680 solus
958 1638 1100 1679 edixit.
1161 1637 1220 1678 Et
1251 1652 1302 1679 ea
1332 1651 1414 1692 res,

73 1698 109 1740 si
140 1697 328 1753 quaeris,
366 1697 405 1739 ei
442 1711 600 1753 magno
638 1696 792 1739 honori
822 1696 924 1750 fuit3
962 1697 1159 1738 omnibus
1190 1696 1297 1738 vicis
1329 1698 1414 1738 sta-

71 1759 188 1810 tuae,
226 1756 278 1798 ad
311 1770 383 1798 eas
420 1759 508 1811 tus,
546 1756 673 1817 cerei3
710 1755 811 1810 quid
843 1755 1009 1797 multa?
1049 1770 1175 1797 nemo
1207 1770 1413 1810 umquam

72 1815 338 1858 multitudini
367 1814 451 1857 fuit
489 1814 637 1857 carior.
697 1814 816 1856 Haec
853 1817 971 1868 sunt,
1010 1828 1118 1869 quae
1155 1814 1412 1856 conturbent

21 1875 117 1917 ³0in
149 1874 455 1916 deliberatione
485 1889 573 1916 non
598 1888 849 1928 numquam,
881 1888 977 1915 cum
1008 1873 1069 1926 id,
1099 1873 1144 1914 in
1170 1887 1253 1928 quo
1282 1873 1412 1915 viola-

72 1937 144 1975 tur
175 1933 388 1988 aequitaS‚
419 1947 506 1975 non
536 1933 599 1974 ita
630 1946 852 1988 magnum,
883 1932 990 1973 illud
1022 1934 1184 1986 autem,
1216 1932 1330 1987 quod
1361 1946 1412 1974 ex

72 2006 122 2035 eo
153 1992 339 2047 paritur,
375 2006 657 2048 permaguum
690 1991 875 2045 videtur,
912 1993 960 2032 ut
990 1991 1129 2032 Mario
1168 1991 1412 2046 praeripere

73 2051 252 2108 collegis
285 2054 328 2093 et
357 2051 544 2092 tribunis
575 2050 692 2106 plebi
729 2050 981 2106 popularem
1014 2050 1201 2106 gratiam
1231 2064 1318 2091 non
1349 2050 1412 2091 ita

73 2114 210 2165 turpe,
241 2110 458 2153 consulem
491 2110 546 2151 ob
579 2124 672 2151 eam
698 2124 788 2150 rem
814 2109 918 2161 fieri,
950 2109 1064 2163 quod
1089 2109 1172 2150 sibi
1198 2112 1290 2150 tum
1316 2123 1412 2163 pro-

21 2178 55 2205 36
72 2171 288 2224 posuerat,
318 2169 443 2210 valde
475 2169 580 2210 utile
612 2168 848 2209 videbatur.
899 2166 982 2208 Sed
1013 2168 1203 2209 omnium
1233 2182 1320 2209 una
1349 2182 1413 2209 re-

74 2227 177 2283 gula
208 2230 285 2281 est,
317 2242 445 2283 quam
478 2228 559 2269 tibi
589 2227 714 2282 cupio
747 2241 839 2268 esse
870 2226 1155 2281 notissimam,
1187 2230 1261 2268 aut
1291 2225 1412 2280 illud,

75 2285 188 2341 quod
218 2286 324 2328 utile
356 2286 540 2341 videtur,
570 2289 696 2341 turpe
726 2301 780 2327 ne
813 2285 870 2327 sit
902 2287 994 2340 aut,
1026 2285 1063 2327 si
1093 2288 1219 2340 turpe
1250 2288 1328 2340 est,
1357 2299 1413 2327 ne

1150 2353 1199 2385 g*

1439 389 1482 419 79

1439 1061 1482 1092 80

1439 1824 1479 1857 81
