1663 2490
161 2026 182 2065 1

159 2076 177 2107 1

201 112 286 153 162
601 111 805 147 LAELIUS
830 111 894 147 DE
919 110 1139 147 AMICITIA

200 234 362 275 rerum,
406 220 466 262 sic
509 219 680 262 vivendi
725 220 910 261 modum.
973 218 1178 262 Senectus
1210 223 1355 262 autem
1382 220 1538 262 aetatis

201 281 268 320 est
303 278 494 334 peractio
524 281 748 332 tamquam
779 278 969 332 fabulae,
1013 278 1131 320 cuius
1165 278 1446 321 defectionem
1477 278 1540 321 fu-

201 351 301 392 gere
333 338 547 392 debemus,
578 337 833 392 praesertim
866 337 1067 379 adiuncta
1099 337 1312 379 satietate.

287 396 405 438 Haec
435 396 579 449 habui,
610 396 660 437 de
693 398 910 438 senectute
949 410 1057 450 quae
1090 396 1291 450 dicerem3
1325 396 1378 437 ad
1411 411 1539 450 quam

203 455 365 496 utinam
402 454 682 509 perveniatis!
726 457 775 496 ut
807 469 874 510 ea,
917 469 1024 509 quae
1063 469 1113 496 ex
1144 470 1212 497 me
1253 455 1452 509 audistis,
1494 469 1540 497 re
1559 468 1575 493 5

200 514 365 569 experti
396 514 581 568 probare
612 513 803 568 possitis.

536 797 598 844 M.
637 797 827 844 TULLI
864 795 1194 845 CICERONIS

347 916 641 974 LAELIUS
684 918 781 972 DE
823 917 1140 974 AMICITIA
1185 917 1402 972 LIBER

449 1029 528 1071 AD
562 1029 608 1072 T.
639 1029 986 1073 POMPONIUM
1018 1027 1290 1072 ATTIcuM.

652 1186 1100 1226 ARGUMENTUM.

297 1263 387 1298 Cum
412 1263 510 1297 inter
534 1263 573 1298 P.
600 1263 812 1308 Scipionem
831 1262 1045 1298 Asticanum
1065 1264 1103 1297 et
1123 1262 1160 1299 C.
1174 1262 1343 1298 Laelium
1363 1274 1543 1297 summam

204 1322 348 1356 semper
367 1310 571 1345 amicitiam
590 1311 704 1345 fuisse
726 1311 924 1353 constaret,
953 1309 1133 1353 Ciceroni,
1159 1321 1243 1345 cum
1262 1310 1378 1345 vellet
1397 1310 1541 1355 aliquid

204 1358 249 1393 de
275 1357 440 1393 amicitia
465 1357 712 1401 conscribere,
753 1357 856 1392 Laeli
875 1368 1033 1402 persona
1057 1356 1193 1392 idonea
1223 1356 1304 1392 visa
1328 1358 1401 1400 est,
1434 1368 1543 1402 quem

202 1405 395 1440 induceret
432 1405 476 1439 de
514 1404 680 1439 amicitia
716 1403 971 1449 disputantem
1005 1415 1089 1438 eum
1126 1404 1281 1448 utroque
1314 1415 1468 1449 genero,
1503 1403 1541 1440 C.

203 1452 343 1487 Fannio
370 1453 408 1486 et
433 1451 474 1493 Q
499 1451 623 1486 Mucio
650 1451 840 1486 Scaevola.
890 1451 970 1486 Hoc
996 1450 1112 1496 igitur
1137 1461 1323 1496 sermone,
1350 1462 1459 1496 quem
1485 1451 1543 1486 Ci-

204 1511 288 1534 cero
320 1499 450 1544 paucis
482 1498 612 1534 diebus
650 1500 736 1544 post
765 1499 922 1533 mortem
947 1497 1112 1533 Africani
1144 1509 1240 1533 anno
1281 1510 1317 1544 p.
1343 1509 1378 1534 ιι.
1406 1509 1436 1535 c.
1462 1503 1542 1544 625,

204 1548 289 1581 ante
316 1546 398 1582 Chr
424 1547 500 1581 nat.
537 1557 634 1580 anno
669 1550 751 1589 129,
783 1546 953 1580 habitum
979 1545 1096 1590 fingit,
1122 1545 1326 1591 praemisso
1351 1546 1542 1599 prooemio

203 1593 351 1629 Laelius
378 1594 497 1636 docet,
524 1593 614 1637 quid
641 1593 689 1627 sit
715 1592 890 1636 amicitia,
917 1592 1049 1637 quibus
1076 1593 1122 1627 de
1149 1592 1268 1627 causis
1295 1592 1406 1627 amici
1431 1604 1541 1638 quae-

204 1642 348 1683 1·‚antur
375 1640 507 1685 quibus
534 1639 653 1676 causis
678 1640 846 1675 amicitia
871 1621 1125 1684 contrahatur,
1161 1639 1295 1675 deinde
1321 1639 1417 1674 inter
1449 1651 1541 1685 quos

204 1669 370 1724 amicitia
395 1699 474 1722 esse
500 1687 637 1732 possit,
663 1698 756 1731 quae
783 1687 832 1723 sit
857 1687 1044 1722 amicitiae
1069 1686 1146 1731 lex,
1171 1697 1265 1731 quae
1292 1686 1433 1732 officia,
1459 1688 1537 1732 qui·

204 1737 271 1770 bus
298 1736 456 1779 denique
481 1734 601 1769 modis
626 1736 808 1780 perpetuo
834 1735 1081 1770 conservetur.

299 1781 456 1827 Scripsit
482 1783 604 1816 autem
631 1781 758 1816 Cicero
782 1782 880 1816 hune
905 1781 1075 1816 libellum
1100 1782 1187 1826 post
1218 1780 1395 1816 Catonem
1428 1781 1542 1816 Maio-

204 1841 281 1865 rem
313 1832 360 1875 (v.
393 1828 502 1863 huius
537 1828 623 1863 libri
661 1840 740 1874 cap.
776 1834 792 1863 1
821 1833 840 1872 ἓ
865 1830 902 1873 4)
928 1839 1023 1864 anno
1050 1828 1127 1863 fere
1152 1841 1187 1874 p.
1213 1839 1247 1863 ιι.
1276 1840 1305 1863 c.
1333 1832 1418 1873 710,
1456 1830 1542 1864 ante

205 1887 314 1921 quam
339 1876 455 1911 libros
481 1876 526 1910 de
552 1875 685 1911 officiis
712 1875 933 1921 conscripsit
958 1875 1057 1920 (vide
1082 1874 1146 1910 lib.
1174 1876 1207 1911 II
1233 1886 1312 1920 cap.
1340 1879 1360 1910 9
1387 1879 1406 1918 ξ
1432 1877 1504 1920 31).

294 2042 340 2092 Q.
372 2042 537 2085 Mucius
570 2056 707 2098 augur
742 2043 880 2084 multa
916 2057 1092 2084 narrare
1129 2042 1180 2084 de
1217 2040 1262 2084 C.
1294 2042 1442 2085 Laelio
1480 2058 1544 2085 so-

206 2117 301 2145 cero
340 2116 416 2143 suo
454 2101 702 2143 memoriter
739 2104 783 2143 et
821 2101 1002 2143 iucunde
1035 2101 1218 2143 solebat.
1238 2115 1316 2143 nec
1349 2101 1544 2144 dubitare

205 2160 360 2203 illum
349 2176 394 2202 ln
414 2161 530 2201 omni
556 2175 750 2202 sermone
770 2161 989 2215 appellare
1015 2160 1272 2215 sapientem,
1298 2174 1378 2215 ego
1400 2163 1544 2203 autem

1646 2191 1663 2220 ΟΕ

207 2235 233 2262 a
263 2222 386 2275 patre
418 2219 479 2260 ita
505 2234 622 2260 eram
649 2219 852 2261 deductus
879 2219 932 2261 ad
955 2217 1205 2261 Scaevolam
1232 2221 1405 2273 sumpta
1429 2219 1546 2262 virili
1565 2229 1600 2256 ιο·
1621 2240 1662 2278 set

206 2282 329 2335 toga,
360 2280 420 2332 ut,
452 2279 592 2332 quoad
623 2293 795 2333 possem
827 2281 869 2319 et
894 2278 1053 2332 liceret,
1080 2293 1105 2319 a
1131 2278 1242 2319 senis
1268 2278 1403 2319 latere
1427 2292 1547 2320 num-

208 2352 336 2393 quam
369 2337 644 2390 discederem3
682 2337 828 2392 itaque
859 2337 996 2378 multa
1028 2337 1082 2378 ab
1114 2351 1164 2378 eo
1196 2336 1431 2392 prudenter
1463 2337 1546 2379 dis-
