<?xml version="1.0" encoding="UTF-8"?>
<!DOCTYPE html PUBLIC "-//W3C//DTD XHTML 1.0 Transitional//EN"
    "http://www.w3.org/TR/xhtml1/DTD/xhtml1-transitional.dtd">
<html xmlns="http://www.w3.org/1999/xhtml" xml:lang="en" lang="en">
 <head>
  <title>
</title>
<meta http-equiv="Content-Type" content="text/html;charset=utf-8" />
  <meta name='ocr-system' content='tesseract 3.04.00' />
  <meta name='ocr-capabilities' content='ocr_page ocr_carea ocr_par ocr_line ocrx_word'/>
</head>
<body>
  <div class='ocr_page' id='page_1' title='image "./p3scriptaquaemanse04ciceuoft_0272.png"; bbox 0 0 1673 2505; ppageno 0'>
   <div class='ocr_carea' id='block_1_1' title="bbox 111 1415 155 1446">
    <p class='ocr_par' dir='ltr' id='par_1_1' title="bbox 111 1415 155 1446">
     <span class='ocr_line' id='line_1_1' title="bbox 111 1415 155 1446; baseline 0 0"><span class='ocrx_word' id='word_1_1' title='bbox 111 1415 155 1446; x_wconf 84' lang='lat'>24</span> 
     </span>
    </p>
   </div>
   <div class='ocr_carea' id='block_1_2' title="bbox 181 61 987 101">
    <p class='ocr_par' dir='ltr' id='par_1_2' title="bbox 181 61 987 101">
     <span class='ocr_line' id='line_1_2' title="bbox 181 61 987 101; baseline -0.007 0"><span class='ocrx_word' id='word_1_2' title='bbox 181 61 267 101; x_wconf 83' lang='lat'>204</span> <span class='ocrx_word' id='word_1_3' title='bbox 723 61 886 96; x_wconf 81' lang='lat' dir='ltr'><strong>PARAD</strong></span> <span class='ocrx_word' id='word_1_4' title='bbox 891 61 987 96; x_wconf 89' lang='lat' dir='ltr'>OXA</span> 
     </span>
    </p>
   </div>
   <div class='ocr_carea' id='block_1_3' title="bbox 180 168 1528 634">
    <p class='ocr_par' dir='ltr' id='par_1_3' title="bbox 180 168 1528 634">
     <span class='ocr_line' id='line_1_3' title="bbox 180 168 1525 211; baseline 0.001 -2"><span class='ocrx_word' id='word_1_5' title='bbox 180 168 353 210; x_wconf 85' lang='lat' dir='ltr'>Etenim</span> <span class='ocrx_word' id='word_1_6' title='bbox 395 169 431 210; x_wconf 87' lang='lat' dir='ltr'>si</span> <span class='ocrx_word' id='word_1_7' title='bbox 468 169 576 210; x_wconf 86' lang='lat' dir='ltr'>bene</span> <span class='ocrx_word' id='word_1_8' title='bbox 614 169 730 211; x_wconf 85' lang='lat' dir='ltr'>facta</span> <span class='ocrx_word' id='word_1_9' title='bbox 767 172 881 210; x_wconf 88' lang='lat' dir='ltr'>recte</span> <span class='ocrx_word' id='word_1_10' title='bbox 912 169 1030 210; x_wconf 84' lang='lat' dir='ltr'>facta</span> <span class='ocrx_word' id='word_1_11' title='bbox 1061 171 1162 210; x_wconf 86' lang='lat' dir='ltr'>sunt</span> <span class='ocrx_word' id='word_1_12' title='bbox 1193 172 1236 211; x_wconf 90' lang='lat' dir='ltr'>et</span> <span class='ocrx_word' id='word_1_13' title='bbox 1266 168 1376 210; x_wconf 88' lang='lat' dir='ltr'>nihil</span> <span class='ocrx_word' id='word_1_14' title='bbox 1408 171 1525 211; x_wconf 87' lang='lat' dir='ltr'>recto</span> 
     </span>
     <span class='ocr_line' id='line_1_4' title="bbox 182 226 1526 283; baseline 0.001 -15"><span class='ocrx_word' id='word_1_15' title='bbox 182 228 357 282; x_wconf 83' lang='lat' dir='ltr'>rectius,</span> <span class='ocrx_word' id='word_1_16' title='bbox 401 230 516 269; x_wconf 89' lang='lat' dir='ltr'>certe</span> <span class='ocrx_word' id='word_1_17' title='bbox 553 242 606 269; x_wconf 89' lang='lat' dir='ltr'>ne</span> <span class='ocrx_word' id='word_1_18' title='bbox 643 228 757 269; x_wconf 91' lang='lat' dir='ltr'>bono</span> <span class='ocrx_word' id='word_1_19' title='bbox 799 226 970 281; x_wconf 90' lang='lat' dir='ltr'>quidem</span> <span class='ocrx_word' id='word_1_20' title='bbox 1007 228 1161 269; x_wconf 88' lang='lat' dir='ltr'>melius</span> <span class='ocrx_word' id='word_1_21' title='bbox 1200 228 1430 283; x_wconf 88' lang='lat' dir='ltr'>quicquam</span> <span class='ocrx_word' id='word_1_22' title='bbox 1465 227 1526 269; x_wconf 90' lang='grc'>111-</span> 
     </span>
     <span class='ocr_line' id='line_1_5' title="bbox 182 284 1528 342; baseline 0.001 -15"><span class='ocrx_word' id='word_1_23' title='bbox 182 286 319 328; x_wconf 84' lang='lat' dir='ltr'>veniri</span> <span class='ocrx_word' id='word_1_24' title='bbox 363 289 520 342; x_wconf 88' lang='lat' dir='ltr'>potest.</span> <span class='ocrx_word' id='word_1_25' title='bbox 583 284 785 340; x_wconf 89' lang='lat' dir='ltr'>Sequitur</span> <span class='ocrx_word' id='word_1_26' title='bbox 828 285 980 341; x_wconf 81' lang='lat' dir='ltr'>igitur,</span> <span class='ocrx_word' id='word_1_27' title='bbox 1022 288 1072 327; x_wconf 92' lang='lat' dir='ltr'>ut</span> <span class='ocrx_word' id='word_1_28' title='bbox 1114 287 1245 328; x_wconf 88' lang='lat' dir='ltr'>etiam</span> <span class='ocrx_word' id='word_1_29' title='bbox 1289 287 1396 328; x_wconf 88' lang='lat' dir='ltr'>vitia</span> <span class='ocrx_word' id='word_1_30' title='bbox 1440 286 1528 328; x_wconf 89' lang='lat' dir='ltr'>sint</span> 
     </span>
     <span class='ocr_line' id='line_1_6' title="bbox 181 344 1528 400; baseline 0 -14"><span class='ocrx_word' id='word_1_31' title='bbox 181 345 323 400; x_wconf 87' lang='lat' dir='ltr'>paria,</span> <span class='ocrx_word' id='word_1_32' title='bbox 355 345 566 399; x_wconf 83' lang='lat' dir='ltr'>siquidem</span> <span class='ocrx_word' id='word_1_33' title='bbox 597 344 836 399; x_wconf 74' lang='lat' dir='ltr'>pravitates</span> <span class='ocrx_word' id='word_1_34' title='bbox 870 344 1003 385; x_wconf 88' lang='lat' dir='ltr'>animi</span> <span class='ocrx_word' id='word_1_35' title='bbox 1033 348 1147 387; x_wconf 84' lang='lat' dir='ltr'>recte</span> <span class='ocrx_word' id='word_1_36' title='bbox 1178 345 1286 387; x_wconf 84' lang='lat' dir='ltr'>vitia</span> <span class='ocrx_word' id='word_1_37' title='bbox 1318 345 1528 387; x_wconf 85' lang='lat' dir='ltr'>dicuntur.</span> 
     </span>
     <span class='ocr_line' id='line_1_7' title="bbox 182 403 1527 459; baseline 0.001 -15"><span class='ocrx_word' id='word_1_38' title='bbox 182 403 330 458; x_wconf 79' lang='lat' dir='ltr'>Atqui,</span> <span class='ocrx_word' id='word_1_39' title='bbox 360 404 564 457; x_wconf 88' lang='lat' dir='ltr'>quoniam</span> <span class='ocrx_word' id='word_1_40' title='bbox 583 417 709 457; x_wconf 90' lang='lat' dir='ltr'>pares</span> <span class='ocrx_word' id='word_1_41' title='bbox 729 403 912 445; x_wconf 86' lang='lat' dir='ltr'>virtutes</span> <span class='ocrx_word' id='word_1_42' title='bbox 939 405 1052 458; x_wconf 85' lang='lat' dir='ltr'>sunt,</span> <span class='ocrx_word' id='word_1_43' title='bbox 1077 406 1191 445; x_wconf 88' lang='lat' dir='ltr'>recte</span> <span class='ocrx_word' id='word_1_44' title='bbox 1209 404 1337 459; x_wconf 83' lang='lat' dir='ltr'>facta,</span> <span class='ocrx_word' id='word_1_45' title='bbox 1358 403 1527 459; x_wconf 89' lang='lat' dir='ltr'>quando</span> 
     </span>
     <span class='ocr_line' id='line_1_8' title="bbox 182 462 1528 517; baseline 0.001 -14"><span class='ocrx_word' id='word_1_46' title='bbox 182 478 207 504; x_wconf 89' lang='lat' dir='ltr'>a</span> <span class='ocrx_word' id='word_1_47' title='bbox 238 463 474 503; x_wconf 86' lang='lat' dir='ltr'>virtutibus</span> <span class='ocrx_word' id='word_1_48' title='bbox 501 462 842 517; x_wconf 73' lang='lat' dir='ltr'>proficiscuntur,</span> <span class='ocrx_word' id='word_1_49' title='bbox 873 462 994 517; x_wconf 88' lang='lat' dir='ltr'>paria</span> <span class='ocrx_word' id='word_1_50' title='bbox 1019 476 1111 503; x_wconf 88' lang='lat' dir='ltr'>esse</span> <span class='ocrx_word' id='word_1_51' title='bbox 1138 462 1307 517; x_wconf 83' lang='lat' dir='ltr'>debent,</span> <span class='ocrx_word' id='word_1_52' title='bbox 1337 463 1528 517; x_wconf 89' lang='lat' dir='ltr'>itemque</span> 
     </span>
     <span class='ocr_line' id='line_1_9' title="bbox 182 520 1528 576; baseline -0.001 -13"><span class='ocrx_word' id='word_1_53' title='bbox 182 524 376 576; x_wconf 86' lang='lat' dir='ltr'>peccata,</span> <span class='ocrx_word' id='word_1_54' title='bbox 415 521 618 575; x_wconf 79' lang='lat' dir='ltr'>quoniam</span> <span class='ocrx_word' id='word_1_55' title='bbox 652 535 703 562; x_wconf 85' lang='lat' dir='ltr'>ex</span> <span class='ocrx_word' id='word_1_56' title='bbox 734 520 854 562; x_wconf 85' lang='lat' dir='ltr'>vitiis</span> <span class='ocrx_word' id='word_1_57' title='bbox 885 523 1081 575; x_wconf 80' lang='lat' dir='ltr'>manant,</span> <span class='ocrx_word' id='word_1_58' title='bbox 1113 521 1201 563; x_wconf 87' lang='lat' dir='ltr'>sint</span> <span class='ocrx_word' id='word_1_59' title='bbox 1231 522 1428 576; x_wconf 82' lang='lat' dir='ltr'>aequalia</span> <span class='ocrx_word' id='word_1_60' title='bbox 1456 534 1528 562; x_wconf 89' lang='lat' dir='ltr'>ne-</span> 
     </span>
     <span class='ocr_line' id='line_1_10' title="bbox 183 579 1528 634; baseline 0 -13"><span class='ocrx_word' id='word_1_61' title='bbox 183 594 300 621; x_wconf 87' lang='lat' dir='ltr'>cesse</span> <span class='ocrx_word' id='word_1_62' title='bbox 334 582 410 621; x_wconf 90' lang='lat' dir='ltr'>est.</span> <span class='ocrx_word' id='word_1_63' title='bbox 474 579 529 621; x_wconf 77' lang='lat' dir='ltr'>‘A</span> <span class='ocrx_word' id='word_1_64' title='bbox 561 579 863 634; x_wconf 48' lang='lat' dir='ltr'>philosophisss</span> <span class='ocrx_word' id='word_1_65' title='bbox 894 580 1052 634; x_wconf 85' lang='lat' dir='ltr'>inquit,</span> <span class='ocrx_word' id='word_1_66' title='bbox 1090 579 1189 621; x_wconf 75' lang='lat' dir='ltr'>‘ista</span> <span class='ocrx_word' id='word_1_67' title='bbox 1220 580 1381 622; x_wconf 69' lang='lat' dir='ltr'>sumis?</span> <span class='ocrx_word' id='word_1_68' title='bbox 1443 579 1528 621; x_wconf 90' lang='lat' dir='ltr'>Me-</span> 
     </span>
    </p>
   </div>
   <div class='ocr_carea' id='block_1_4' title="bbox 116 613 1529 694">
    <p class='ocr_par' dir='ltr' id='par_1_4' title="bbox 116 613 1529 694">
     <span class='ocr_line' id='line_1_11' title="bbox 116 613 1529 694; baseline 0.001 -15"><span class='ocrx_word' id='word_1_69' title='bbox 116 684 119 690; x_wconf 14' lang='grc' dir='ltr'>Χ</span> <span class='ocrx_word' id='word_1_70' title='bbox 182 639 369 692; x_wconf 85' lang='lat' dir='ltr'>tuebam,</span> <span class='ocrx_word' id='word_1_71' title='bbox 400 653 454 680; x_wconf 90' lang='lat' dir='ltr'>ne</span> <span class='ocrx_word' id='word_1_72' title='bbox 481 638 522 680; x_wconf 91' lang='lat' dir='ltr'>a</span> <span class='ocrx_word' id='word_1_73' title='bbox 550 638 793 680; x_wconf 86' lang='lat' dir='ltr'>lenonibus&#39;</span> <span class='ocrx_word' id='word_1_74' title='bbox 820 613 992 680; x_wconf 84' lang='lat' dir='ltr'>diceres.</span> <span class='ocrx_word' id='word_1_75' title='bbox 1037 636 1251 680; x_wconf 73' lang='lat' dir='ltr'>‘Socrates</span> <span class='ocrx_word' id='word_1_76' title='bbox 1278 639 1529 694; x_wconf 88' lang='lat' dir='ltr'>disputabat</span> 
     </span>
    </p>
   </div>
   <div class='ocr_carea' id='block_1_5' title="bbox 179 697 1529 1932">
    <p class='ocr_par' dir='ltr' id='par_1_5' title="bbox 179 697 1529 1932">
     <span class='ocr_line' id='line_1_12' title="bbox 182 697 1527 751; baseline 0.001 -13"><span class='ocrx_word' id='word_1_77' title='bbox 182 698 267 738; x_wconf 88' lang='lat' dir='ltr'>isto</span> <span class='ocrx_word' id='word_1_78' title='bbox 301 697 456 739; x_wconf 72' lang='lat' dir='ltr'>modo.³</span> <span class='ocrx_word' id='word_1_79' title='bbox 506 697 623 739; x_wconf 88' lang='lat' dir='ltr'>Bene</span> <span class='ocrx_word' id='word_1_80' title='bbox 655 697 827 739; x_wconf 87' lang='lat' dir='ltr'>hercule</span> <span class='ocrx_word' id='word_1_81' title='bbox 857 711 1028 751; x_wconf 79' lang='lat' dir='ltr'>narras3</span> <span class='ocrx_word' id='word_1_82' title='bbox 1058 712 1159 739; x_wconf 86' lang='lat' dir='ltr'>nam</span> <span class='ocrx_word' id='word_1_83' title='bbox 1190 697 1323 739; x_wconf 87' lang='lat' dir='ltr'>istum</span> <span class='ocrx_word' id='word_1_84' title='bbox 1355 698 1527 740; x_wconf 89' lang='lat' dir='ltr'>doctum</span> 
     </span>
     <span class='ocr_line' id='line_1_13' title="bbox 183 755 1529 811; baseline 0.001 -14"><span class='ocrx_word' id='word_1_85' title='bbox 183 759 226 797; x_wconf 94' lang='lat' dir='ltr'>et</span> <span class='ocrx_word' id='word_1_86' title='bbox 252 756 490 811; x_wconf 86' lang='lat' dir='ltr'>sapientem</span> <span class='ocrx_word' id='word_1_87' title='bbox 517 756 658 797; x_wconf 84' lang='lat' dir='ltr'>virum</span> <span class='ocrx_word' id='word_1_88' title='bbox 682 755 815 800; x_wconf 83' lang='lat' dir='ltr'>fuisse</span> <span class='ocrx_word' id='word_1_89' title='bbox 842 755 1072 798; x_wconf 87' lang='lat' dir='ltr'>memoriae</span> <span class='ocrx_word' id='word_1_90' title='bbox 1098 756 1307 798; x_wconf 86' lang='lat' dir='ltr'>traditum</span> <span class='ocrx_word' id='word_1_91' title='bbox 1328 759 1404 798; x_wconf 88' lang='lat' dir='ltr'>est.</span> <span class='ocrx_word' id='word_1_92' title='bbox 1445 755 1529 798; x_wconf 85' lang='lat' dir='ltr'>Sed</span> 
     </span>
     <span class='ocr_line' id='line_1_14' title="bbox 182 815 1528 870; baseline 0 -14"><span class='ocrx_word' id='word_1_93' title='bbox 182 818 329 856; x_wconf 90' lang='lat' dir='ltr'>tamen</span> <span class='ocrx_word' id='word_1_94' title='bbox 367 829 526 869; x_wconf 88' lang='lat' dir='ltr'>quaero</span> <span class='ocrx_word' id='word_1_95' title='bbox 565 830 615 857; x_wconf 85' lang='lat' dir='ltr'>ex</span> <span class='ocrx_word' id='word_1_96' title='bbox 653 818 714 868; x_wconf 88' lang='lat' dir='ltr'>te,</span> <span class='ocrx_word' id='word_1_97' title='bbox 753 815 955 870; x_wconf 86' lang='lat' dir='ltr'>quoniam</span> <span class='ocrx_word' id='word_1_98' title='bbox 992 815 1135 856; x_wconf 87' lang='lat' dir='ltr'>verbis</span> <span class='ocrx_word' id='word_1_99' title='bbox 1172 815 1286 857; x_wconf 89' lang='lat' dir='ltr'>inter</span> <span class='ocrx_word' id='word_1_100' title='bbox 1321 829 1401 857; x_wconf 88' lang='lat' dir='ltr'>nos</span> <span class='ocrx_word' id='word_1_101' title='bbox 1432 829 1528 858; x_wconf 90' lang='lat' dir='ltr'>con-</span> 
     </span>
     <span class='ocr_line' id='line_1_15' title="bbox 180 873 1528 943; baseline 0 -28"><span class='ocrx_word' id='word_1_102' title='bbox 180 874 416 928; x_wconf 83' lang='lat' dir='ltr'>tendimus,</span> <span class='ocrx_word' id='word_1_103' title='bbox 451 888 540 916; x_wconf 88' lang='lat' dir='ltr'>non</span> <span class='ocrx_word' id='word_1_104' title='bbox 577 874 752 929; x_wconf 82' lang='lat' dir='ltr'>pugnis.</span> <span class='ocrx_word' id='word_1_105' title='bbox 792 876 938 915; x_wconf 87' lang='lat' dir='ltr'>utrum</span> <span class='ocrx_word' id='word_1_106' title='bbox 970 873 1096 915; x_wconf 84' lang='lat' dir='ltr'>nobis</span> <span class='ocrx_word' id='word_1_107' title='bbox 1129 876 1195 915; x_wconf 89' lang='lat' dir='ltr'>est</span> <span class='ocrx_word' id='word_1_108' title='bbox 1227 874 1528 943; x_wconf 80' lang='lat' dir='ltr'>quaerendum,</span> 
     </span>
     <span class='ocr_line' id='line_1_16' title="bbox 181 921 1529 988; baseline 0 -14"><span class='ocrx_word' id='word_1_109' title='bbox 181 933 281 987; x_wconf 87' lang='lat' dir='ltr'>quid</span> <span class='ocrx_word' id='word_1_110' title='bbox 314 932 449 974; x_wconf 88' lang='lat' dir='ltr'>baioli</span> <span class='ocrx_word' id='word_1_111' title='bbox 481 935 611 987; x_wconf 90' lang='lat' dir='ltr'>atque</span> <span class='ocrx_word' id='word_1_112' title='bbox 644 933 829 988; x_wconf 87' lang='lat' dir='ltr'>operarii</span> <span class='ocrx_word' id='word_1_113' title='bbox 861 947 916 974; x_wconf 85' lang='lat' dir='ltr'>an</span> <span class='ocrx_word' id='word_1_114' title='bbox 937 932 1043 987; x_wconf 88' lang='lat' dir='ltr'>quid</span> <span class='ocrx_word' id='word_1_115' title='bbox 1069 933 1264 975; x_wconf 86' lang='lat' dir='ltr'>homines</span> <span class='ocrx_word' id='word_1_116' title='bbox 1290 921 1529 975; x_wconf 79' lang='lat' dir='ltr'>docti‘ssimi</span> 
     </span>
     <span class='ocr_line' id='line_1_17' title="bbox 181 992 1527 1047; baseline 0.001 -14"><span class='ocrx_word' id='word_1_117' title='bbox 181 992 423 1033; x_wconf 81' lang='lat' dir='ltr'>senserint?</span> <span class='ocrx_word' id='word_1_118' title='bbox 467 992 724 1047; x_wconf 85' lang='lat' dir='ltr'>praesertim</span> <span class='ocrx_word' id='word_1_119' title='bbox 768 1007 864 1033; x_wconf 92' lang='lat' dir='ltr'>cum</span> <span class='ocrx_word' id='word_1_120' title='bbox 907 992 988 1033; x_wconf 90' lang='lat' dir='ltr'>hac</span> <span class='ocrx_word' id='word_1_121' title='bbox 1026 992 1240 1033; x_wconf 87' lang='lat' dir='ltr'>sententia</span> <span class='ocrx_word' id='word_1_122' title='bbox 1275 1006 1363 1034; x_wconf 91' lang='lat' dir='ltr'>non</span> <span class='ocrx_word' id='word_1_123' title='bbox 1399 992 1527 1034; x_wconf 87' lang='lat' dir='ltr'>modo</span> 
     </span>
     <span class='ocr_line' id='line_1_18' title="bbox 179 1050 1528 1106; baseline 0 -14"><span class='ocrx_word' id='word_1_124' title='bbox 179 1051 341 1104; x_wconf 84' lang='lat' dir='ltr'>verior,</span> <span class='ocrx_word' id='word_1_125' title='bbox 374 1050 447 1092; x_wconf 88' lang='lat' dir='ltr'>sed</span> <span class='ocrx_word' id='word_1_126' title='bbox 479 1066 530 1092; x_wconf 87' lang='lat' dir='ltr'>ne</span> <span class='ocrx_word' id='word_1_127' title='bbox 562 1051 712 1092; x_wconf 88' lang='lat' dir='ltr'>utilior</span> <span class='ocrx_word' id='word_1_128' title='bbox 745 1051 916 1105; x_wconf 91' lang='lat' dir='ltr'>quidem</span> <span class='ocrx_word' id='word_1_129' title='bbox 947 1050 1170 1102; x_wconf 85' lang='lat' dir='ltr'>hominum</span> <span class='ocrx_word' id='word_1_130' title='bbox 1202 1051 1317 1092; x_wconf 84' lang='lat' dir='ltr'>vitae</span> <span class='ocrx_word' id='word_1_131' title='bbox 1348 1051 1528 1106; x_wconf 84' lang='lat' dir='ltr'>reperiri</span> 
     </span>
     <span class='ocr_line' id='line_1_19' title="bbox 180 1109 1528 1165; baseline -0.001 -14"><span class='ocrx_word' id='word_1_132' title='bbox 180 1110 271 1151; x_wconf 85' lang='lat' dir='ltr'>ulla</span> <span class='ocrx_word' id='word_1_133' title='bbox 308 1110 458 1165; x_wconf 87' lang='lat' dir='ltr'>possit.</span> <span class='ocrx_word' id='word_1_134' title='bbox 522 1109 639 1158; x_wconf 84' lang='lat' dir='ltr'>Quae</span> <span class='ocrx_word' id='word_1_135' title='bbox 676 1110 741 1151; x_wconf 88' lang='lat' dir='ltr'>vis</span> <span class='ocrx_word' id='word_1_136' title='bbox 780 1112 847 1151; x_wconf 88' lang='lat' dir='ltr'>est</span> <span class='ocrx_word' id='word_1_137' title='bbox 884 1109 1015 1163; x_wconf 85' lang='lat' dir='ltr'>enim,</span> <span class='ocrx_word' id='word_1_138' title='bbox 1057 1124 1165 1164; x_wconf 88' lang='lat' dir='ltr'>quae</span> <span class='ocrx_word' id='word_1_139' title='bbox 1203 1110 1343 1165; x_wconf 84' lang='lat' dir='ltr'>magis</span> <span class='ocrx_word' id='word_1_140' title='bbox 1383 1112 1528 1152; x_wconf 88' lang='lat' dir='ltr'>arceat</span> 
     </span>
     <span class='ocr_line' id='line_1_20' title="bbox 179 1168 1528 1224; baseline 0 -14"><span class='ocrx_word' id='word_1_141' title='bbox 179 1168 375 1210; x_wconf 88' lang='lat' dir='ltr'>homines</span> <span class='ocrx_word' id='word_1_142' title='bbox 409 1169 463 1210; x_wconf 89' lang='lat' dir='ltr'>ab</span> <span class='ocrx_word' id='word_1_143' title='bbox 495 1168 777 1224; x_wconf 82' lang='lat' dir='ltr'>improbitate</span> <span class='ocrx_word' id='word_1_144' title='bbox 809 1169 938 1223; x_wconf 83' lang='lat' dir='ltr'>omni,</span> <span class='ocrx_word' id='word_1_145' title='bbox 970 1183 1098 1223; x_wconf 88' lang='lat' dir='ltr'>quam</span> <span class='ocrx_word' id='word_1_146' title='bbox 1132 1169 1169 1209; x_wconf 83' lang='lat' dir='ltr'>si</span> <span class='ocrx_word' id='word_1_147' title='bbox 1198 1169 1411 1210; x_wconf 87' lang='lat' dir='ltr'>senserint</span> <span class='ocrx_word' id='word_1_148' title='bbox 1435 1169 1528 1210; x_wconf 88' lang='lat' dir='ltr'>nul-</span> 
     </span>
     <span class='ocr_line' id='line_1_21' title="bbox 180 1227 1526 1282; baseline 0 -14"><span class='ocrx_word' id='word_1_149' title='bbox 180 1227 272 1269; x_wconf 88' lang='lat' dir='ltr'>lum</span> <span class='ocrx_word' id='word_1_150' title='bbox 308 1227 353 1268; x_wconf 86' lang='lat' dir='ltr'>in</span> <span class='ocrx_word' id='word_1_151' title='bbox 391 1227 558 1269; x_wconf 86' lang='lat' dir='ltr'>delictis</span> <span class='ocrx_word' id='word_1_152' title='bbox 591 1242 684 1269; x_wconf 90' lang='lat' dir='ltr'>esse</span> <span class='ocrx_word' id='word_1_153' title='bbox 717 1227 974 1269; x_wconf 74' lang='lat' dir='ltr'>discrimen?</span> <span class='ocrx_word' id='word_1_154' title='bbox 1016 1238 1148 1281; x_wconf 81' lang='lat' dir='ltr'>aeque</span> <span class='ocrx_word' id='word_1_155' title='bbox 1180 1241 1357 1282; x_wconf 88' lang='lat' dir='ltr'>peccare</span> <span class='ocrx_word' id='word_1_156' title='bbox 1390 1227 1526 1281; x_wconf 74' lang='lat' dir='ltr'>se‚,si</span> 
     </span>
     <span class='ocr_line' id='line_1_22' title="bbox 179 1286 1527 1342; baseline 0 -15"><span class='ocrx_word' id='word_1_157' title='bbox 179 1286 362 1341; x_wconf 87' lang='lat' dir='ltr'>privatis</span> <span class='ocrx_word' id='word_1_158' title='bbox 384 1301 432 1328; x_wconf 88' lang='lat' dir='ltr'>ac</span> <span class='ocrx_word' id='word_1_159' title='bbox 456 1286 492 1327; x_wconf 92' lang='lat' dir='ltr'>si</span> <span class='ocrx_word' id='word_1_160' title='bbox 512 1286 843 1342; x_wconf 81' lang='lat' dir='ltr'>magistratibus</span> <span class='ocrx_word' id='word_1_161' title='bbox 864 1300 1015 1327; x_wconf 89' lang='lat' dir='ltr'>manus</span> <span class='ocrx_word' id='word_1_162' title='bbox 1037 1286 1263 1328; x_wconf 78' lang='lat' dir='ltr'>adferant?</span> <span class='ocrx_word' id='word_1_163' title='bbox 1284 1300 1527 1340; x_wconf 88' lang='lat' dir='ltr'>quamcum-</span> 
     </span>
     <span class='ocr_line' id='line_1_23' title="bbox 181 1345 1527 1400; baseline 0 -14"><span class='ocrx_word' id='word_1_164' title='bbox 181 1360 263 1399; x_wconf 87' lang='lat' dir='ltr'>que</span> <span class='ocrx_word' id='word_1_165' title='bbox 294 1345 339 1386; x_wconf 91' lang='lat' dir='ltr'>in</span> <span class='ocrx_word' id='word_1_166' title='bbox 365 1345 540 1386; x_wconf 87' lang='lat' dir='ltr'>domum</span> <span class='ocrx_word' id='word_1_167' title='bbox 566 1348 764 1400; x_wconf 88' lang='lat' dir='ltr'>stuprum</span> <span class='ocrx_word' id='word_1_168' title='bbox 790 1345 1030 1398; x_wconf 79' lang='lat' dir='ltr'>intulerint,</span> <span class='ocrx_word' id='word_1_169' title='bbox 1062 1345 1239 1386; x_wconf 88' lang='lat' dir='ltr'>eandem</span> <span class='ocrx_word' id='word_1_170' title='bbox 1265 1359 1358 1386; x_wconf 90' lang='lat' dir='ltr'>esse</span> <span class='ocrx_word' id='word_1_171' title='bbox 1383 1345 1527 1387; x_wconf 88' lang='lat' dir='ltr'>labem</span> 
     </span>
     <span class='ocr_line' id='line_1_24' title="bbox 181 1401 1528 1459; baseline 0 -14"><span class='ocrx_word' id='word_1_172' title='bbox 181 1403 417 1445; x_wconf 81' lang='lat' dir='ltr'>lubidinis?</span> <span class='ocrx_word' id='word_1_173' title='bbox 480 1403 679 1445; x_wconf 76' lang='lat' dir='ltr'>‘Nihilne</span> <span class='ocrx_word' id='word_1_174' title='bbox 716 1404 852 1459; x_wconf 84' lang='lat' dir='ltr'>igitur</span> <span class='ocrx_word' id='word_1_175' title='bbox 889 1403 1091 1445; x_wconf 85' lang='lat' dir='ltr'>interest&#39;</span> <span class='ocrx_word' id='word_1_176' title='bbox 1136 1401 1257 1459; x_wconf 89' lang='lat' dir='ltr'>(nam</span> <span class='ocrx_word' id='word_1_177' title='bbox 1294 1404 1376 1445; x_wconf 88' lang='lat' dir='ltr'>hoc</span> <span class='ocrx_word' id='word_1_178' title='bbox 1417 1403 1528 1445; x_wconf 88' lang='lat' dir='ltr'>dicet</span> 
     </span>
     <span class='ocr_line' id='line_1_25' title="bbox 181 1461 1528 1518; baseline 0 -14"><span class='ocrx_word' id='word_1_179' title='bbox 181 1461 371 1518; x_wconf 84' lang='lat' dir='ltr'>aliquis),</span> <span class='ocrx_word' id='word_1_180' title='bbox 404 1462 587 1517; x_wconf 75' lang='lat' dir='ltr'>‘patrem</span> <span class='ocrx_word' id='word_1_181' title='bbox 615 1463 709 1517; x_wconf 87' lang='lat' dir='ltr'>quis</span> <span class='ocrx_word' id='word_1_182' title='bbox 734 1466 858 1504; x_wconf 81' lang='lat' dir='ltr'>necet</span> <span class='ocrx_word' id='word_1_183' title='bbox 883 1477 993 1504; x_wconf 87' lang='lat' dir='ltr'>anne</span> <span class='ocrx_word' id='word_1_184' title='bbox 1021 1461 1238 1504; x_wconf 86' lang='lat' dir='ltr'>servum‘?&#39;</span> <span class='ocrx_word' id='word_1_185' title='bbox 1287 1461 1415 1504; x_wconf 88' lang='lat' dir='ltr'>Nuda</span> <span class='ocrx_word' id='word_1_186' title='bbox 1442 1463 1528 1504; x_wconf 88' lang='lat' dir='ltr'>ista</span> 
     </span>
     <span class='ocr_line' id='line_1_26' title="bbox 182 1520 1527 1576; baseline -0.001 -13"><span class='ocrx_word' id='word_1_187' title='bbox 182 1521 219 1563; x_wconf 89' lang='lat' dir='ltr'>si</span> <span class='ocrx_word' id='word_1_188' title='bbox 261 1535 421 1576; x_wconf 89' lang='lat' dir='ltr'>ponas,</span> <span class='ocrx_word' id='word_1_189' title='bbox 462 1520 663 1575; x_wconf 87' lang='lat' dir='ltr'>iudicari,</span> <span class='ocrx_word' id='word_1_190' title='bbox 708 1522 854 1576; x_wconf 88' lang='lat' dir='ltr'>qualia</span> <span class='ocrx_word' id='word_1_191' title='bbox 897 1521 1006 1575; x_wconf 81' lang='lat' dir='ltr'>sint,</span> <span class='ocrx_word' id='word_1_192' title='bbox 1048 1536 1135 1564; x_wconf 92' lang='lat' dir='ltr'>non</span> <span class='ocrx_word' id='word_1_193' title='bbox 1178 1521 1304 1563; x_wconf 83' lang='lat' dir='ltr'>facile</span> <span class='ocrx_word' id='word_1_194' title='bbox 1347 1521 1527 1576; x_wconf 87' lang='lat' dir='ltr'>possint.</span> 
     </span>
     <span class='ocr_line' id='line_1_27' title="bbox 181 1579 1527 1636; baseline -0.001 -14"><span class='ocrx_word' id='word_1_195' title='bbox 181 1580 357 1622; x_wconf 88' lang='lat' dir='ltr'>Patrem</span> <span class='ocrx_word' id='word_1_196' title='bbox 387 1580 479 1622; x_wconf 89' lang='lat' dir='ltr'>vita</span> <span class='ocrx_word' id='word_1_197' title='bbox 510 1581 681 1636; x_wconf 82' lang='lat' dir='ltr'>privare</span> <span class='ocrx_word' id='word_1_198' title='bbox 721 1580 756 1622; x_wconf 90' lang='lat' dir='ltr'>si</span> <span class='ocrx_word' id='word_1_199' title='bbox 793 1595 870 1636; x_wconf 86' lang='lat' dir='ltr'>per</span> <span class='ocrx_word' id='word_1_200' title='bbox 907 1594 952 1622; x_wconf 91' lang='lat' dir='ltr'>se</span> <span class='ocrx_word' id='word_1_201' title='bbox 991 1580 1128 1622; x_wconf 91' lang='lat' dir='ltr'>scelus</span> <span class='ocrx_word' id='word_1_202' title='bbox 1167 1583 1249 1635; x_wconf 88' lang='lat' dir='ltr'>est,</span> <span class='ocrx_word' id='word_1_203' title='bbox 1287 1579 1527 1636; x_wconf 83' lang='lat' dir='ltr'>Saguntini,</span> 
     </span>
     <span class='ocr_line' id='line_1_28' title="bbox 183 1639 1527 1694; baseline -0.001 -13"><span class='ocrx_word' id='word_1_204' title='bbox 183 1640 256 1694; x_wconf 92' lang='lat' dir='ltr'>qui</span> <span class='ocrx_word' id='word_1_205' title='bbox 292 1642 494 1694; x_wconf 89' lang='lat' dir='ltr'>parentes</span> <span class='ocrx_word' id='word_1_206' title='bbox 534 1654 633 1681; x_wconf 88' lang='lat' dir='ltr'>suos</span> <span class='ocrx_word' id='word_1_207' title='bbox 672 1639 833 1681; x_wconf 88' lang='lat' dir='ltr'>liberos</span> <span class='ocrx_word' id='word_1_208' title='bbox 872 1639 1007 1681; x_wconf 89' lang='lat' dir='ltr'>emori</span> <span class='ocrx_word' id='word_1_209' title='bbox 1045 1654 1173 1694; x_wconf 85' lang='lat' dir='ltr'>quam</span> <span class='ocrx_word' id='word_1_210' title='bbox 1206 1653 1352 1681; x_wconf 89' lang='lat' dir='ltr'>servos</span> <span class='ocrx_word' id='word_1_211' title='bbox 1383 1639 1527 1681; x_wconf 84' lang='lat' dir='ltr'>vivere</span> 
     </span>
     <span class='ocr_line' id='line_1_29' title="bbox 181 1698 1528 1754; baseline -0.001 -14"><span class='ocrx_word' id='word_1_212' title='bbox 181 1699 445 1753; x_wconf 85' lang='lat' dir='ltr'>maluerunt,</span> <span class='ocrx_word' id='word_1_213' title='bbox 482 1698 721 1753; x_wconf 86' lang='lat' dir='ltr'>parricidae</span> <span class='ocrx_word' id='word_1_214' title='bbox 757 1698 943 1740; x_wconf 87' lang='lat' dir='ltr'>fuerunt.</span> <span class='ocrx_word' id='word_1_215' title='bbox 1004 1698 1124 1753; x_wconf 79' lang='lat' dir='ltr'>Ergo</span> <span class='ocrx_word' id='word_1_216' title='bbox 1163 1701 1206 1740; x_wconf 89' lang='lat' dir='ltr'>et</span> <span class='ocrx_word' id='word_1_217' title='bbox 1239 1698 1410 1754; x_wconf 88' lang='lat' dir='ltr'>parenti</span> <span class='ocrx_word' id='word_1_218' title='bbox 1440 1712 1528 1740; x_wconf 90' lang='lat' dir='ltr'>non</span> 
     </span>
     <span class='ocr_line' id='line_1_30' title="bbox 181 1757 1527 1812; baseline -0.001 -13"><span class='ocrx_word' id='word_1_219' title='bbox 181 1772 418 1812; x_wconf 88' lang='lat' dir='ltr'>numquam</span> <span class='ocrx_word' id='word_1_220' title='bbox 444 1758 576 1798; x_wconf 82' lang='lat' dir='ltr'>adimi</span> <span class='ocrx_word' id='word_1_221' title='bbox 600 1757 691 1799; x_wconf 89' lang='lat' dir='ltr'>vita</span> <span class='ocrx_word' id='word_1_222' title='bbox 717 1757 808 1799; x_wconf 86' lang='lat' dir='ltr'>sine</span> <span class='ocrx_word' id='word_1_223' title='bbox 835 1757 992 1799; x_wconf 86' lang='lat' dir='ltr'>scelere</span> <span class='ocrx_word' id='word_1_224' title='bbox 1018 1759 1163 1812; x_wconf 85' lang='lat' dir='ltr'>potest</span> <span class='ocrx_word' id='word_1_225' title='bbox 1187 1759 1231 1799; x_wconf 91' lang='lat' dir='ltr'>et</span> <span class='ocrx_word' id='word_1_226' title='bbox 1256 1771 1379 1799; x_wconf 88' lang='lat' dir='ltr'>servo</span> <span class='ocrx_word' id='word_1_227' title='bbox 1399 1771 1527 1812; x_wconf 88' lang='lat' dir='ltr'>saepe</span> 
     </span>
     <span class='ocr_line' id='line_1_31' title="bbox 183 1815 1528 1872; baseline -0.001 -14"><span class='ocrx_word' id='word_1_228' title='bbox 183 1817 273 1858; x_wconf 84' lang='lat' dir='ltr'>sine</span> <span class='ocrx_word' id='word_1_229' title='bbox 299 1816 457 1858; x_wconf 84' lang='lat' dir='ltr'>iniuria</span> <span class='ocrx_word' id='word_1_230' title='bbox 481 1830 568 1858; x_wconf 92' lang='lat' dir='ltr'>non</span> <span class='ocrx_word' id='word_1_231' title='bbox 593 1819 750 1872; x_wconf 87' lang='lat' dir='ltr'>potest.</span> <span class='ocrx_word' id='word_1_232' title='bbox 799 1815 941 1859; x_wconf 84' lang='lat' dir='ltr'>Causa</span> <span class='ocrx_word' id='word_1_233' title='bbox 964 1816 1100 1872; x_wconf 85' lang='lat' dir='ltr'>igitur</span> <span class='ocrx_word' id='word_1_234' title='bbox 1124 1816 1242 1870; x_wconf 86' lang='lat' dir='ltr'>haec,</span> <span class='ocrx_word' id='word_1_235' title='bbox 1265 1830 1352 1857; x_wconf 88' lang='lat' dir='ltr'>non</span> <span class='ocrx_word' id='word_1_236' title='bbox 1370 1818 1528 1857; x_wconf 87' lang='lat' dir='ltr'>natura</span> 
     </span>
     <span class='ocr_line' id='line_1_32' title="bbox 183 1873 1527 1932; baseline 0 -16"><span class='ocrx_word' id='word_1_237' title='bbox 183 1875 433 1931; x_wconf 79' lang='lat' dir='ltr'>distinguit3</span> <span class='ocrx_word' id='word_1_238' title='bbox 465 1889 575 1929; x_wconf 85' lang='lat' dir='ltr'>quae</span> <span class='ocrx_word' id='word_1_239' title='bbox 606 1875 809 1929; x_wconf 86' lang='lat' dir='ltr'>quoniam</span> <span class='ocrx_word' id='word_1_240' title='bbox 840 1878 938 1917; x_wconf 86' lang='lat' dir='ltr'>utro</span> <span class='ocrx_word' id='word_1_241' title='bbox 972 1873 1164 1930; x_wconf 74' lang='lat' dir='ltr'>accessit,</span> <span class='ocrx_word' id='word_1_242' title='bbox 1194 1875 1238 1916; x_wconf 85' lang='lat' dir='ltr'>i&#39;d</span> <span class='ocrx_word' id='word_1_243' title='bbox 1266 1874 1318 1932; x_wconf 85' lang='lat' dir='ltr'>fit</span> <span class='ocrx_word' id='word_1_244' title='bbox 1347 1889 1527 1930; x_wconf 86' lang='lat' dir='ltr'>propen-</span> 
     </span>
    </p>
   </div>
   <div class='ocr_carea' id='block_1_6' title="bbox 172 1934 1527 1989">
    <p class='ocr_par' dir='ltr' id='par_1_6' title="bbox 172 1934 1527 1989">
     <span class='ocr_line' id='line_1_33' title="bbox 172 1934 1527 1989; baseline -0.001 -14"><span class='ocrx_word' id='word_1_245' title='bbox 172 1935 282 1988; x_wconf 62' lang='lat' dir='ltr'>sius,</span> <span class='ocrx_word' id='word_1_246' title='bbox 316 1935 353 1975; x_wconf 87' lang='lat' dir='ltr'>si</span> <span class='ocrx_word' id='word_1_247' title='bbox 384 1936 568 1988; x_wconf 86' lang='lat' dir='ltr'>utroque</span> <span class='ocrx_word' id='word_1_248' title='bbox 600 1934 801 1976; x_wconf 89' lang='lat' dir='ltr'>adiuncta</span> <span class='ocrx_word' id='word_1_249' title='bbox 833 1938 916 1988; x_wconf 78' lang='lat' dir='ltr'>est,</span> <span class='ocrx_word' id='word_1_250' title='bbox 953 1934 1077 1989; x_wconf 88' lang='lat' dir='ltr'>paria</span> <span class='ocrx_word' id='word_1_251' title='bbox 1107 1934 1215 1975; x_wconf 87' lang='lat' dir='ltr'>fiant</span> <span class='ocrx_word' id='word_1_252' title='bbox 1245 1947 1418 1975; x_wconf 86' lang='lat' dir='ltr'>necesse</span> <span class='ocrx_word' id='word_1_253' title='bbox 1450 1936 1527 1975; x_wconf 85' lang='lat' dir='ltr'>est.</span> 
     </span>
    </p>
   </div>
   <div class='ocr_carea' id='block_1_7' title="bbox 112 1991 1528 2048">
    <p class='ocr_par' dir='ltr' id='par_1_7' title="bbox 112 1991 1528 2048">
     <span class='ocr_line' id='line_1_34' title="bbox 112 1991 1528 2048; baseline -0.001 -14"><span class='ocrx_word' id='word_1_254' title='bbox 112 2003 154 2035; x_wconf 81' lang='lat'>25</span> <span class='ocrx_word' id='word_1_255' title='bbox 172 1993 297 2040; x_wconf 65' lang='lat' dir='ltr'>{llud</span> <span class='ocrx_word' id='word_1_256' title='bbox 323 1996 470 2035; x_wconf 89' lang='lat' dir='ltr'>tamen</span> <span class='ocrx_word' id='word_1_257' title='bbox 501 1993 694 2047; x_wconf 79' lang='lat' dir='ltr'>interest,</span> <span class='ocrx_word' id='word_1_258' title='bbox 727 1993 852 2048; x_wconf 70' lang='lat' dir='ltr'>quod,</span> <span class='ocrx_word' id='word_1_259' title='bbox 870 1994 916 2034; x_wconf 90' lang='lat' dir='ltr'>in</span> <span class='ocrx_word' id='word_1_260' title='bbox 948 2007 1070 2035; x_wconf 88' lang='lat' dir='ltr'>servo</span> <span class='ocrx_word' id='word_1_261' title='bbox 1101 1992 1305 2047; x_wconf 81' lang='lat' dir='ltr'>necando,</span> <span class='ocrx_word' id='word_1_262' title='bbox 1336 1992 1373 2034; x_wconf 85' lang='lat' dir='ltr'>si</span> <span class='ocrx_word' id='word_1_263' title='bbox 1403 1991 1447 2033; x_wconf 87' lang='lat' dir='ltr'>id</span> <span class='ocrx_word' id='word_1_264' title='bbox 1477 1992 1528 2033; x_wconf 92' lang='lat' dir='ltr'>fit</span> 
     </span>
    </p>
   </div>
   <div class='ocr_carea' id='block_1_8' title="bbox 178 2050 1528 2343">
    <p class='ocr_par' dir='ltr' id='par_1_8' title="bbox 178 2050 1528 2343">
     <span class='ocr_line' id='line_1_35' title="bbox 179 2050 1528 2107; baseline -0.001 -13"><span class='ocrx_word' id='word_1_265' title='bbox 179 2052 349 2106; x_wconf 80' lang='lat' dir='ltr'>iniuria,</span> <span class='ocrx_word' id='word_1_266' title='bbox 382 2052 514 2093; x_wconf 87' lang='lat' dir='ltr'>semel</span> <span class='ocrx_word' id='word_1_267' title='bbox 545 2055 760 2107; x_wconf 81' lang='lat' dir='ltr'>peccatur,</span> <span class='ocrx_word' id='word_1_268' title='bbox 790 2053 836 2094; x_wconf 91' lang='lat' dir='ltr'>in</span> <span class='ocrx_word' id='word_1_269' title='bbox 866 2051 1003 2106; x_wconf 87' lang='lat' dir='ltr'>patris</span> <span class='ocrx_word' id='word_1_270' title='bbox 1033 2051 1125 2093; x_wconf 84' lang='lat' dir='ltr'>vita</span> <span class='ocrx_word' id='word_1_271' title='bbox 1155 2050 1359 2094; x_wconf 82' lang='lat' dir='ltr'>violanda</span> <span class='ocrx_word' id='word_1_272' title='bbox 1389 2051 1528 2093; x_wconf 89' lang='lat' dir='ltr'>multa</span> 
     </span>
     <span class='ocr_line' id='line_1_36' title="bbox 178 2109 1527 2177; baseline -0.001 -24"><span class='ocrx_word' id='word_1_273' title='bbox 178 2113 428 2177; x_wconf 83' lang='lat' dir='ltr'>peccantur3</span> <span class='ocrx_word' id='word_1_274' title='bbox 471 2111 660 2152; x_wconf 84' lang='lat' dir='ltr'>violatur</span> <span class='ocrx_word' id='word_1_275' title='bbox 676 2111 747 2166; x_wconf 89' lang='grc'>18,</span> <span class='ocrx_word' id='word_1_276' title='bbox 785 2110 858 2177; x_wconf 86' lang='lat' dir='ltr'>qui</span> <span class='ocrx_word' id='word_1_277' title='bbox 895 2110 1158 2165; x_wconf 88' lang='lat' dir='ltr'>procreavit,</span> <span class='ocrx_word' id='word_1_278' title='bbox 1195 2109 1256 2165; x_wconf 84' lang='lat' dir='ltr'>is,</span> <span class='ocrx_word' id='word_1_279' title='bbox 1294 2110 1367 2165; x_wconf 90' lang='lat' dir='ltr'>qui</span> <span class='ocrx_word' id='word_1_280' title='bbox 1406 2110 1527 2164; x_wconf 83' lang='lat' dir='ltr'>aluit,</span> 
     </span>
     <span class='ocr_line' id='line_1_37' title="bbox 179 2169 1527 2224; baseline -0.001 -13"><span class='ocrx_word' id='word_1_281' title='bbox 179 2169 235 2224; x_wconf 86' lang='lat' dir='ltr'>is,</span> <span class='ocrx_word' id='word_1_282' title='bbox 268 2169 341 2224; x_wconf 87' lang='lat' dir='ltr'>qui</span> <span class='ocrx_word' id='word_1_283' title='bbox 373 2169 574 2224; x_wconf 83' lang='lat' dir='ltr'>erudivit,</span> <span class='ocrx_word' id='word_1_284' title='bbox 606 2170 661 2224; x_wconf 88' lang='lat' dir='ltr'>is,</span> <span class='ocrx_word' id='word_1_285' title='bbox 693 2170 767 2224; x_wconf 88' lang='lat' dir='ltr'>qui</span> <span class='ocrx_word' id='word_1_286' title='bbox 797 2170 843 2211; x_wconf 90' lang='lat' dir='ltr'>in</span> <span class='ocrx_word' id='word_1_287' title='bbox 875 2169 972 2211; x_wconf 89' lang='lat' dir='ltr'>sede</span> <span class='ocrx_word' id='word_1_288' title='bbox 1004 2183 1053 2211; x_wconf 89' lang='lat' dir='ltr'>ac</span> <span class='ocrx_word' id='word_1_289' title='bbox 1085 2169 1212 2211; x_wconf 88' lang='lat' dir='ltr'>domo</span> <span class='ocrx_word' id='word_1_290' title='bbox 1244 2171 1375 2223; x_wconf 86' lang='lat' dir='ltr'>atque</span> <span class='ocrx_word' id='word_1_291' title='bbox 1405 2169 1452 2210; x_wconf 90' lang='lat' dir='ltr'>in</span> <span class='ocrx_word' id='word_1_292' title='bbox 1481 2183 1527 2210; x_wconf 87' lang='lat' dir='ltr'>re</span> 
     </span>
     <span class='ocr_line' id='line_1_38' title="bbox 179 2228 1527 2294; baseline -0.001 -24"><span class='ocrx_word' id='word_1_293' title='bbox 179 2228 354 2284; x_wconf 86' lang='lat' dir='ltr'>publica</span> <span class='ocrx_word' id='word_1_294' title='bbox 396 2229 655 2284; x_wconf 82' lang='lat' dir='ltr'>conlocavit3</span> <span class='ocrx_word' id='word_1_295' title='bbox 698 2228 974 2270; x_wconf 86' lang='lat' dir='ltr'>multitudine</span> <span class='ocrx_word' id='word_1_296' title='bbox 1017 2230 1292 2294; x_wconf 80' lang='lat' dir='ltr'>peccatorum</span> <span class='ocrx_word' id='word_1_297' title='bbox 1331 2229 1527 2282; x_wconf 87' lang='lat' dir='ltr'>praestat</span> 
     </span>
     <span class='ocr_line' id='line_1_39' title="bbox 181 2285 1526 2343; baseline -0.001 -14"><span class='ocrx_word' id='word_1_298' title='bbox 181 2302 314 2343; x_wconf 89' lang='lat' dir='ltr'>eoque</span> <span class='ocrx_word' id='word_1_299' title='bbox 345 2301 484 2343; x_wconf 86' lang='lat' dir='ltr'>poena</span> <span class='ocrx_word' id='word_1_300' title='bbox 509 2288 671 2329; x_wconf 85' lang='lat' dir='ltr'>maiore</span> <span class='ocrx_word' id='word_1_301' title='bbox 698 2287 852 2343; x_wconf 82' lang='lat' dir='ltr'>dignus</span> <span class='ocrx_word' id='word_1_302' title='bbox 880 2289 956 2329; x_wconf 85' lang='lat' dir='ltr'>est.</span> <span class='ocrx_word' id='word_1_303' title='bbox 1006 2285 1089 2328; x_wconf 90' lang='lat' dir='ltr'>Sed</span> <span class='ocrx_word' id='word_1_304' title='bbox 1120 2301 1198 2329; x_wconf 88' lang='lat' dir='ltr'>nos</span> <span class='ocrx_word' id='word_1_305' title='bbox 1230 2287 1275 2328; x_wconf 91' lang='lat' dir='ltr'>in</span> <span class='ocrx_word' id='word_1_306' title='bbox 1307 2286 1409 2337; x_wconf 82' lang='lat' dir='ltr'>vita,</span> <span class='ocrx_word' id='word_1_307' title='bbox 1439 2300 1526 2329; x_wconf 89' lang='lat' dir='ltr'>non</span> 
     </span>
    </p>
   </div>
   <div class='ocr_carea' id='block_1_9' title="bbox 1549 710 1582 735">
    <p class='ocr_par' dir='ltr' id='par_1_9' title="bbox 1549 710 1582 735">
     <span class='ocr_line' id='line_1_40' title="bbox 1549 710 1582 735; baseline 0.03 -1"><span class='ocrx_word' id='word_1_308' title='bbox 1549 710 1582 735; x_wconf 92' lang='grc'>10</span> 
     </span>
    </p>
   </div>
   <div class='ocr_carea' id='block_1_10' title="bbox 1550 1002 1582 1028">
    <p class='ocr_par' dir='ltr' id='par_1_10' title="bbox 1550 1002 1582 1028">
     <span class='ocr_line' id='line_1_41' title="bbox 1550 1002 1582 1028; baseline 0.031 -1"><span class='ocrx_word' id='word_1_309' title='bbox 1550 1002 1582 1028; x_wconf 81' lang='grc'>15</span> 
     </span>
    </p>
   </div>
   <div class='ocr_carea' id='block_1_11' title="bbox 1548 1297 1581 1321">
    <p class='ocr_par' dir='ltr' id='par_1_11' title="bbox 1548 1297 1581 1321">
     <span class='ocr_line' id='line_1_42' title="bbox 1548 1297 1581 1321; baseline 0 0"><span class='ocrx_word' id='word_1_310' title='bbox 1548 1297 1581 1321; x_wconf 84' lang='grc'>20</span> 
     </span>
    </p>
   </div>
   <div class='ocr_carea' id='block_1_12' title="bbox 1547 1591 1581 1617">
    <p class='ocr_par' dir='ltr' id='par_1_12' title="bbox 1547 1591 1581 1617">
     <span class='ocr_line' id='line_1_43' title="bbox 1547 1591 1581 1617; baseline 0.029 -1"><span class='ocrx_word' id='word_1_311' title='bbox 1547 1591 1581 1617; x_wconf 81' lang='lat'>25</span> 
     </span>
    </p>
   </div>
   <div class='ocr_carea' id='block_1_13' title="bbox 1547 1885 1583 1910">
    <p class='ocr_par' dir='ltr' id='par_1_13' title="bbox 1547 1885 1583 1910">
     <span class='ocr_line' id='line_1_44' title="bbox 1547 1885 1583 1910; baseline 0 0"><span class='ocrx_word' id='word_1_312' title='bbox 1547 1885 1583 1910; x_wconf 77' lang='lat'>30</span> 
     </span>
    </p>
   </div>
   <div class='ocr_carea' id='block_1_14' title="bbox 1547 2178 1580 2205">
    <p class='ocr_par' dir='ltr' id='par_1_14' title="bbox 1547 2178 1580 2205">
     <span class='ocr_line' id='line_1_45' title="bbox 1547 2178 1580 2205; baseline 0.061 -2"><span class='ocrx_word' id='word_1_313' title='bbox 1547 2178 1580 2205; x_wconf 87' lang='grc'>35</span> 
     </span>
    </p>
   </div>
   <div class='ocr_carea' id='block_1_15' title="bbox 1613 0 1673 2505">
    <p class='ocr_par' dir='ltr' id='par_1_15' title="bbox 1613 0 1673 2505">
     <span class='ocr_line' id='line_1_46' title="bbox 1613 0 1673 2505; baseline 0 0"><span class='ocrx_word' id='word_1_314' title='bbox 1613 0 1673 2505; x_wconf 95' lang='lat' dir='ltr'> </span> 
     </span>
    </p>
   </div>
  </div>
 </body>
</html>
