1673 2505
358 74 655 112 ORATIONUM.
682 76 725 111 A.
750 75 837 110 VIII
862 75 983 111 6--1X
1008 77 1093 120 Arg.
1309 75 1393 119 259

149 183 214 226 10.
251 184 375 226 Arus.
405 197 448 237 p.
479 185 563 227 251
594 182 673 226 Cic.
703 198 782 237 pro
814 182 992 225 Cornel..·
1031 181 1140 231 Quid
1178 198 1245 225 me
1284 185 1394 239 apud

58 242 221 297 equites
253 242 471 284 Romanos
505 242 730 284 offendisse
763 241 993 283 dicebant?

149 302 211 342 11.
243 301 368 342 Arus.
394 315 436 354 Ρ.
461 304 546 342 216
572 301 651 343 Cio.
669 315 748 354 pro
773 299 957 343 Cornelio
982 299 1058 341 ΙΙ.·
1092 300 1128 341 si
1158 315 1235 342 vos
1267 300 1394 342 huius

55 360 252 402 fortunas
283 373 518 414 paucorum
550 359 646 401 odio
680 358 1036 401 adiudieaveritis.

21 431 38 457 5
148 419 212 460 12.
244 419 369 460 Aras.
394 432 437 471 p.
468 421 557 460 224
589 418 668 460 Cic.
694 432 772 471 pro
805 417 988 460 Cornelio
1015 417 1092 459 II:
1125 417 1179 459 ad
1211 418 1395 460 miserri-

57 492 172 519 mum
205 477 631 531 crudelissimumque
665 477 931 519 dominatum
963 476 1058 517 dedi
1089 477 1327 532 patiamini.

147 536 211 578 13.
243 536 369 578 Arus.
396 550 437 589 1).
468 538 556 578 226
588 535 667 578 Cic.
698 550 777 589 pro
811 535 995 578 Cornelio
1026 535 1102 576 II:
1142 550 1270 590 quam
1303 536 1395 577 dili·

57 596 206 650 gentes
238 594 455 636 libertatis
486 609 563 636 vos
597 597 794 649 oporteat
826 609 930 636 esse.

148 654 211 694 14.
248 653 357 696 Serv.
394 654 451 695 ad
486 653 598 707 Very.
630 654 732 695 Aen.
765 653 842 694 XI
870 656 953 695 708
991 652 1127 696 Cicero
1164 655 1209 695 in
1249 653 1395 696 Corne-

5 725 37 751 ιο
57 712 202 754 liauis:
233 726 286 753 ne
317 711 458 753 fraudi
490 712 546 753 sit
579 712 628 766 ei,
661 712 733 767 qui
764 712 971 767 populum
999 712 1052 753 ad
1077 713 1391 756 contentionem

56 771 229 812 vocarit.

146 829 209 871 15.
248 829 372 870 Arus.
402 843 446 882 p.
483 832 571 871 226
610 828 689 872 Cic.
720 844 800 883 pro
839 829 1022 872 Cornelio
1060 830 1136 871 II:
1175 831 1247 884 qui
1285 845 1393 872 eom-

54 887 192 929 modis
230 887 380 942 populi
417 888 600 929 Romani
639 889 787 943 lingua
824 888 1048 930 dumtaxat
1087 903 1135 930 ae
1172 890 1395 930 voluntate

0 947 1 996 ζ
56 947 282 988 consuluit.

0 1017 37 1086 {15
147 1006 211 1046 16.
250 1005 378 1046 Prisc.
415 1005 591 1047 XVIII
615 1008 655 1047 2.
688 1009 740 1047 19
770 1019 813 1058 p.
845 1008 940 1047 216.
971 1007 1040 1055 25,
1080 1006 1204 1047 Arus.
1236 1020 1278 1059 p.
1311 1009 1396 1048 209

55 1062 190 1107 Cicero
214 1077 293 1117 pro
319 1063 503 1105 Cornelio
529 1064 594 1105 lib.
618 1064 694 1104 II:
728 1064 821 1118 quis
854 1066 945 1104 tam
978 1064 1199 1105 abundans
1233 1064 1395 1119 copiis?

146 1123 211 1164 17.
247 1122 374 1164 Arus.
404 1136 447 1175 p.
478 1125 568 1164 227
606 1121 686 1164 C'ie.
716 1136 795 1175 pro
833 1121 1017 1164 Cornelio
1049 1122 1125 1163 II:
1164 1124 1395 1178 expelleret

57 1195 82 1223 a
116 1180 477 1236 dispensantibus.

147 1241 211 1281 18.
256 1240 388 1281 Valer.
425 1239 544 1281 Proh.
588 1241 635 1281 de
676 1253 782 1281 nom.
825 1240 868 1280 T.
907 1239 939 1280 I
944 1239 984 1282 V
1006 1254 1050 1293 p.
1087 1242 1185 1282 212.
1223 1243 1251 1282 8
1288 1240 1396 1282 Keil.

22 1311 38 1337 o
57 1297 191 1341 Cicero
223 1299 404 1340 oratioue
439 1299 614 1340 secunda
643 1313 721 1351 pro
755 1297 961 1340 Cornelio:
1000 1298 1139 1347 Quare
1177 1298 1395 1340 hominem

55 1358 292 1413 inpugnare
329 1371 415 1398 non
454 1357 652 1399 desinunt
688 1357 773 1399 nisi
803 1357 981 1399 remotis
1014 1357 1396 1399 ministratoribus.

613 1461 836 1497 INCERTA.

147 1535 182 1576 1.
225 1532 429 1576 Severiau.
473 1537 526 1576 19
562 1548 607 1587 p.
648 1537 742 1576 366.
785 1537 815 1575 2
858 1534 1002 1575 Halm.
1064 1534 1397 1576 Illiserieordiam

56 1606 258 1635 movemus
297 1618 351 1623 ——
389 1606 480 1634 eum
522 1593 697 1634 alieuius
740 1593 991 1634 calamitates
1027 1606 1398 1646 commemoramus,

23 1662 38 1689 5
57 1665 146 1694 eum
182 1653 503 1705 maym'tudz'nem
533 1652 709 1704 periculi
746 1652 1007 1702 ostendimus,
1047 1652 1167 1693 sicuti
1188 1665 1269 1705 pro
1302 1651 1396 1693 Cor-

55 1711 160 1753 uelio
193 1710 342 1753 Cicero.

144 1769 181 1810 2.
216 1769 385 1821 Quintil.
411 1769 453 1811 V
470 1773 533 1811 11.
560 1771 617 1810 25
641 1768 819 1823 (Cicero)
844 1772 890 1810 ut
912 1769 988 1810 liae
1017 1769 1196 1822 corporis
1225 1769 1399 1810 huuumi

49 1841 127 1881 pro
153 1827 348 1882 Cluentio,
374 1829 434 1869 ita
452 1842 530 1881 pro
557 1827 740 1870 Cornelio
766 1841 968 1881 equorum,
995 1841 1072 1880 pro
1098 1827 1257 1869 Archia
1282 1841 1397 1869 saxo-

55 1900 148 1928 rum
179 1900 331 1941 quoque
360 1900 459 1929 usus
490 1890 548 1928 est
575 1887 854 1928 similitudine.

11 2082 39 2109 ³0
127 2079 192 2118 IX.
236 2078 295 2116 IN
326 2077 538 2116 SENATU
568 2079 627 2116 IN
659 2077 801 2117 TOGA
833 2076 1073 2116 CANDIDA
1107 2075 1320 2115 CONTRA

58 2146 97 2187 C.
132 2148 419 2187 ANTONIUM
455 2149 522 2186 ET
561 2148 604 2186 L.
645 2147 944 2186 CATILINAM
983 2145 1396 2186 COMPETITORES.

143 2239 345 2280 Asconius
374 2253 418 2292 p.
458 2242 513 2281 73
549 2239 606 2281 K.
642 2243 679 2280 et
715 2238 805 2281 sch.
867 2237 984 2279 Haeo
1027 2238 1156 2279 oratio
1193 2239 1302 2279 dieta
1341 2240 1398 2278 est

56 2297 103 2338 L.
137 2296 307 2340 Caesare
337 2297 380 2339 Ο.
411 2298 561 2351 Fiyulo
592 2311 687 2340 coss.
712 2300 807 2351 post
836 2310 1010 2351 amium,
1042 2310 1166 2350 quam
1193 2310 1269 2349 pro
1303 2295 1396 2338 002·-

1044 2364 1114 2400 17*
