1663 2490
441 63 529 98 ΜΒ.
555 64 598 99 11.
650 63 751 100 CAP.
781 68 813 107 τ,
838 68 870 100 8.
915 67 934 107 ς
960 68 1108 100 23-28.
1395 66 1452 106 65

112 172 245 214 telum
278 171 576 225 occultaretur,
608 172 890 226 exquirerent.
939 170 975 214 Ο
1007 172 1223 227 miserum,
1255 173 1327 227 qui
1351 173 1450 215 fide-

112 231 262 272 liorem
295 232 338 271 et
368 230 600 271 barbarum
633 233 675 271 et
707 230 975 286 stigmatiam
1001 233 1174 285 putaret
1200 246 1329 285 quam
1355 247 1449 274 con-

110 289 271 344 iugem!
322 287 412 330 Nec
437 303 532 330 eum
558 287 732 342 fefellit3
764 291 817 331 ab
844 304 894 331 ea
919 291 984 331 est
1009 289 1121 330 enim
1147 290 1242 345 ipsa
1272 293 1450 345 propter

111 348 318 402 pelicatus
357 347 642 402 suspicionem
680 348 941 390 interfectus.
1002 348 1092 390 Nec
1128 363 1229 390 vero
1262 349 1353 390 ulla
1383 350 1448 391 vis

74 406 278 460 §imperii
322 408 446 447 tanta
489 408 571 460 est,
616 421 724 461 quae
768 409 987 461 premente
1025 410 1142 449 metu
1180 408 1318 462 possit
1356 422 1448 449 esse

109 465 321 506 diuturna.
376 464 517 506 Testis
549 467 615 506 est
646 465 856 520 Phalaris,
888 466 1006 508 cuius
1039 468 1104 507 est
1135 469 1306 521 praeter
1338 470 1448 509 cete·
1474 478 1517 509 26

108 538 179 565 ros
210 523 443 565 nobilitata
473 523 721 578 crudelitas,
761 524 833 578 qui
870 540 956 566 non
994 539 1043 566 ex
1075 525 1241 566 insidiis
1273 525 1450 579 interiit,

108 585 157 624 ut
187 582 242 636 is,
281 597 406 636 quem
438 582 564 624 modo
598 582 702 636 dixi,
740 583 1000 638 Alexander,
1031 599 1117 625 non
1149 599 1173 625 a
1204 584 1369 639 paucis,
1401 588 1449 626 ut

109 641 178 683 hic
203 643 362 695 noster,
388 641 461 682 sed
486 641 530 682 in
557 655 682 696 quem
709 642 907 683 universa
931 643 1317 698 Agrigentinorum
1342 644 1448 685 mul-

58 712 90 736 ιο
110 699 250 741 titudo
287 700 496 755 impetum
531 699 645 742 fecit.
707 699 845 749 Quid?
905 701 1157 743 Macedones
1195 717 1336 744 nonne
1368 702 1449 744 De-

110 758 310 800 metrium
342 759 608 813 reliquerunt
645 759 917 814 universique
949 774 993 802 se
1026 761 1078 802 ad
1110 760 1322 815 Pyrrhum
1354 776 1449 803 con-

108 818 330 859 tulerunt?
392 816 531 866 Quid?
592 817 953 860 Lacedaemonios
990 818 1149 861 iniuste
1186 820 1447 874 imperantes

108 890 248 918 nonne
268 878 442 932 repente
468 891 614 918 omnes
634 877 723 918 fere
745 877 848 919 socii
869 878 1146 919 deseruerunt
1166 882 1448 933 spectatores-

110 949 190 989 que
234 949 278 976 se
323 935 486 976 otiosos
530 936 820 990 praebuerunt
864 936 1111 978 Leuctricae
1156 938 1448 980 calamitatis?

56 1006 89 1030 15
108 994 298 1035 Externa
330 993 534 1035 libentius
565 994 610 1035 in
640 995 720 1036 tali
752 1009 797 1035 re
824 1009 952 1049 quam
978 995 1213 1037 domestica
1237 997 1448 1038 recordor.
1477 1001 1499 1039 8

108 1052 269 1094 Verum
312 1055 474 1107 tamen,
519 1067 647 1107 quam
692 1053 762 1094 diu
791 1053 1032 1120 imperium
1075 1055 1226 1109 populi
1263 1054 1449 1097 Romani

107 1111 324 1153 beneficiis
355 1112 594 1166 tenebatur,
624 1126 710 1153 non
741 1112 926 1166 iniuriis,
958 1113 1074 1154 bella
1105 1115 1179 1154 aut
1210 1128 1289 1168 pro
1323 1115 1448 1156 sociis

109 1173 183 1212 aut
214 1170 264 1211 de
295 1169 475 1225 imperio
508 1145 780 1226 gerebantur,
812 1146 950 1212 exitiis
981 1174 1102 1213 erant
1133 1172 1347 1214 bellorum
1374 1176 1449 1215 aut

109 1230 234 1271 mites
280 1231 354 1270 aut
396 1229 646 1283 necessarii,
689 1244 859 1285 regum,
902 1230 1179 1285 populorum,
1222 1232 1447 1273 nationum

55 1300 89 1324 20
108 1290 258 1343 portus
292 1290 383 1329 erat
415 1290 457 1328 et
488 1287 704 1344 refugium
737 1291 928 1343 senatus,
964 1289 1104 1330 nostri
1136 1292 1281 1331 autem
1314 1291 1448 1346 magi-
1475 1304 1515 1334 27

109 1349 271 1389 stratus
291 1347 660 1402 imperatoresque
680 1362 729 1389 ex
749 1347 830 1389 hac
849 1363 934 1389 una
953 1363 998 1389 re
1018 1348 1250 1389 maximam
1277 1349 1448 1391 laudem

108 1420 259 1460 capere
291 1405 534 1460 studebant,
566 1406 603 1447 si
633 1406 888 1462 provinciaS,
920 1407 956 1448 si
992 1408 1129 1448 socios
1158 1408 1373 1462 aequitate
1406 1411 1448 1450 et

106 1465 189 1506 fide
210 1464 514 1518 defendissent3
539 1465 684 1520 itaque
704 1466 812 1506 illud
837 1466 1123 1520 patrocinium
1145 1467 1260 1508 orbis
1280 1469 1422 1509 terrae
1443 1475 1517 1518 (27)

108 1523 250 1565 verius
277 1538 405 1578 quam
430 1523 658 1579 imperium
683 1527 856 1579 poterat
879 1525 1104 1567 nominari.
1149 1523 1316 1567 Sensim
1338 1526 1448 1568 hanc

55 1593 90 1619 25
109 1582 458 1625 consuetudinem
491 1586 533 1624 et
564 1583 833 1638 disciplinam
864 1583 950 1624 iam
982 1586 1109 1625 antea
1137 1585 1447 1640 minuebamus,

108 1644 209 1697 post
239 1656 340 1682 vero
368 1639 512 1683 Sullae
543 1642 768 1684 victoriam
794 1643 964 1697 penitus
992 1643 1231 1697 amisimus3
1263 1644 1448 1686 desitum

109 1702 175 1742 est
207 1700 319 1741 enim
351 1700 487 1741 videri
519 1701 746 1755 quicquam
777 1701 822 1742 in
853 1701 990 1743 socios
1021 1702 1228 1756 iniquum,
1260 1717 1355 1744 cum
1382 1717 1448 1744 ex-

111 1759 295 1800 stitisset
325 1758 370 1799 in
401 1759 513 1801 cives
545 1762 670 1801 tanta
694 1760 934 1802 erudelitas.
982 1759 1139 1816 Ergo
1127 1776 1173 1801 in
1196 1761 1274 1802 illo
1302 1764 1447 1803 secuta

111 1821 176 1859 est
206 1817 433 1859 honestam
465 1833 636 1860 causam
668 1833 755 1860 non
785 1819 967 1860 honesta
998 1819 1198 1873 victoria3
1235 1823 1301 1861 est
1333 1821 1446 1862 enim

56 1888 90 1913 30
110 1891 238 1918 ausus
271 1876 420 1931 dicere,
451 1877 578 1918 hasta
609 1877 752 1932 posita
784 1893 879 1919 cum
911 1878 1023 1919 bona
1048 1878 1093 1919 in
1123 1878 1217 1920 foro
1244 1879 1447 1921 venderet

109 1938 152 1977 et
190 1936 401 1977 bonorum
438 1936 629 1977 virorum
668 1939 711 1977 et
748 1937 1026 1992 locupletium
1059 1939 1101 1978 et
1133 1939 1245 1979 certe
1277 1937 1446 1993 civium,

109 1994 368 2049 ‘praedam
405 2008 455 2036 se
488 2009 626 2036 suam
657 1995 905 2037 vendere'.
967 1994 1144 2037 Secutus
1177 1999 1259 2047 est,
1297 1997 1370 2051 qui
1401 1997 1446 2038 in

109 2067 237 2095 causa
273 2053 422 2108 impia,
459 2054 640 2095 victoria
678 2054 809 2095 etiam
839 2054 1027 2096 foediore
1058 2069 1145 2097 non
1176 2055 1445 2111 singulorum

109 2112 261 2154 civium
294 2114 410 2153 bona
439 2112 696 2167 publicaret,
736 2113 808 2154 sed
846 2113 1066 2154 universas
1103 2114 1346 2168 provincias
1383 2129 1445 2155 re-

53 2180 89 2208 35
110 2170 342 2226 gionesque
373 2186 457 2212 uno
490 2171 749 2213 calamitatis
787 2172 877 2213 iure
912 2172 1300 2227 comprehenderet,
1360 2172 1444 2214 Ita-
1470 2184 1515 2215 28

110 2244 190 2283 que
209 2229 373 2271 vexatis
401 2245 449 2272 ac
473 2230 651 2285 perditis
678 2231 833 2272 exteris
859 2231 1105 2272 nationibus
1129 2231 1183 2272 ad
1203 2232 1444 2286 exemplum

109 2288 257 2329 amissi
286 2288 455 2343 imperii
485 2289 652 2344 portari
682 2289 727 2331 in
752 2289 970 2345 triumpho
996 2289 1235 2332 Massiliam
1260 2290 1443 2332 vidimus

180 2362 250 2389 010.
270 2363 323 2389 Π.
343 2364 367 2389 a.
1211 2363 1231 2393 5
