1663 2490
387 99 476 134 LIB.
505 98 530 133 Ι.
583 97 682 132 CAP.
711 102 766 139 29,
793 102 847 132 30.
899 102 918 138 g
947 100 1141 131 103-109.
1380 93 1434 136 37

94 206 309 250 contemni
342 208 385 247 et
415 206 516 247 reici
550 208 764 260 oportere3
806 205 871 245 sin
905 204 961 245 sit
993 203 1224 258 quispiam,
1257 203 1329 258 qui
1362 203 1436 244 ali-

33 284 35 287 ·
97 265 197 320 quid
235 265 401 306 tribuat
438 264 671 319 voluptati,
716 264 944 319 diligenter
989 263 1027 304 ei
1070 263 1299 303 tenendum
1344 276 1435 303 esse

96 325 185 366 eius
225 323 430 365 fruendae
468 323 652 364 modum.
715 323 866 377 ltaque
904 322 1041 364 victus
1080 321 1304 375 cultusque
1347 334 1436 362 cor-

95 383 212 438 poris
251 382 304 423 ad
342 381 631 423 valetudinem
671 381 881 423 referatur
919 383 961 422 et
998 379 1052 422 ad
1088 380 1219 432 vires,
1260 393 1345 421 non
1384 379 1437 420 ad

61 455 76 479 ε»
96 442 377 496 voluptatem.
428 440 569 494 Atque
597 440 727 481 etiam
748 441 784 481 si
805 440 1071 482 considerare
1092 439 1301 492 volumus,
1329 452 1436 493 quae

97 501 154 541 sit
174 501 219 540 in
237 504 392 541 natura
413 499 665 541 excellentia
686 503 728 540 et
748 499 948 554 dignitas,
968 498 1282 553 intellegemus,
1309 512 1437 551 quam

97 559 154 600 sit
180 562 304 613 turpe
325 558 516 599 diffluere
537 558 706 599 luxuria
732 561 774 599 et
800 558 979 599 delicate
1006 572 1054 599 ac
1080 556 1269 598 molliter
1295 556 1437 597 vivere

97 632 309 672 quamque
341 617 568 659 honestum
602 631 740 671 parce,
773 617 1056 669 continenter,
1089 629 1252 669 severe,
1285 615 1438 656 sobrie.

184 676 528 731 Intellegendum
550 676 678 716 etiam
701 679 766 716 est
787 675 949 717 duabus
972 674 1092 730 quasi
1112 689 1191 716 nos
1219 689 1243 715 a
1265 677 1421 715 natura
1445 684 1506 714 1οτ

46 749 78 773 ιο
96 735 269 776 indutos
303 749 395 776 esse
426 734 640 790 personis,
682 749 861 789 quarum
900 749 984 776 una
1022 733 1258 776 communis
1292 736 1358 774 est
1389 747 1439 774 ex

98 808 159 848 eo,
187 793 299 848 quod
326 808 472 835 omnes
499 793 729 848 participes
757 807 902 834 sumus
931 792 1112 834 rationis
1132 791 1441 846 praestantiae-

99 867 179 907 que
212 853 315 906 eius,
347 868 431 907 qua
463 852 759 894 antecellimus
792 852 955 906 bestiis,
988 867 1013 892 a
1046 867 1130 906 qua
1161 865 1286 892 omne
1312 851 1440 892 hone-

99 915 213 953 stum
247 911 529 965 decorumque
560 911 760 963 trahitur,
794 913 836 952 et
868 925 918 951 ex
951 925 1034 965 qua
1061 910 1171 951 ratio
1198 909 1441 951 inveniendi

99 970 228 1012 officii
261 970 517 1024 exquiritur,
549 970 687 1011 altera
719 972 879 1022 autem,
913 984 1020 1023 quae
1052 969 1225 1024 proprie
1258 969 1440 1023 singulis

47 1042 78 1067 15
100 1032 166 1070 est
196 1028 372 1070 tributa.
422 1027 483 1070 Ut
509 1029 621 1070 enim
650 1029 694 1069 in
725 1028 977 1083 corporibus
1011 1042 1192 1083 magnae
1225 1027 1441 1069 dissimili-

98 1087 266 1129 tudines
294 1090 394 1129 sunt
419 1087 546 1142 (alios
572 1087 764 1128 videmus
792 1087 1019 1128 velocitate
1047 1087 1100 1128 ad
1123 1100 1305 1139 cursum,
1332 1086 1440 1127 alios

98 1147 261 1187 viribus
294 1146 347 1187 ad
379 1146 627 1188 luctandum
659 1147 820 1200 valere,
857 1146 1046 1200 itemque
1078 1146 1122 1186 in
1159 1145 1310 1187 formis
1344 1145 1440 1186 aliis

99 1205 356 1261 dignitatem
399 1206 558 1258 inesse,
602 1205 699 1246 aliis
742 1207 1053 1259 venustatem),
1099 1205 1158 1246 sie
1202 1204 1246 1246 in
1288 1204 1441 1245 animis

100 1265 290 1306 existunt
321 1264 503 1305 maiores
531 1264 659 1305 etiam
687 1264 932 1305 varietates.
983 1263 1092 1305 Erat
1117 1264 1161 1304 in
1187 1263 1231 1304 L.
1253 1262 1423 1316 Crasso,
1448 1273 1513 1304 108

46 1335 81 1361 20
99 1323 145 1364 in
176 1322 220 1364 L.
252 1322 454 1378 Philippo
493 1324 655 1364 multus
693 1323 831 1378 lepos,
872 1323 1010 1364 maior
1048 1322 1179 1364 etiam
1218 1322 1442 1378 magisque

100 1381 150 1423 de
182 1381 394 1423 industria
424 1383 469 1423 in
497 1381 542 1424 C.
569 1381 751 1424 Caesare
777 1381 822 1423 L.
855 1382 964 1435 fili03
997 1384 1042 1423 at
1073 1381 1208 1423 isdem
1239 1382 1443 1436 tempori-

100 1441 179 1482 bus
211 1441 256 1482 in
286 1441 342 1482 M.
374 1439 532 1483 Scauro
572 1444 615 1483 et
652 1441 696 1482 in
727 1440 782 1482 M.
816 1441 957 1482 Druso
997 1440 1268 1482 adulescente
1301 1441 1444 1496 singu-

101 1500 204 1541 laris
238 1500 463 1553 severitas,
500 1500 545 1541 in
576 1498 621 1542 C.
653 1499 800 1541 Laelio
840 1500 978 1541 multa
1016 1500 1234 1554 hilaritas,
1271 1499 1316 1540 in
1354 1500 1443 1541 eius

100 1558 305 1600 familiari
343 1556 540 1614 Scipione
585 1559 762 1600 ambitio
809 1559 962 1612 maior,
1006 1559 1096 1600 vita
1138 1559 1318 1600 tristior.
1381 1558 1444 1600 De

48 1629 81 1656 25
102 1617 276 1659 Graecis
310 1620 454 1659 autem
487 1618 652 1659 dulcem
679 1620 722 1659 et
753 1617 939 1659 facetum
971 1617 1201 1672 festivique
1234 1618 1443 1659 sermonis

102 1679 229 1731 atque
272 1677 318 1718 in
361 1677 477 1719 omni
521 1677 714 1718 oratione
759 1677 1073 1730 simulatorem,
1117 1691 1243 1731 quem
1282 1680 1444 1730 εἴρωνα

102 1735 251 1777 Graeci
271 1736 560 1789 nominarunt,
587 1733 807 1777 Socratem
834 1735 1091 1790 accepimus,
1118 1738 1268 1777 eontra
1287 1734 1445 1790 Pytha-

103 1809 253 1850 goram
286 1797 329 1836 et
360 1794 570 1836 Periclem
609 1809 822 1835 summam
855 1795 1159 1836 auctoritatem
1192 1797 1444 1836 consecutos

102 1854 192 1895 sine
224 1854 314 1895 ulla
345 1853 579 1895 hilaritate.
635 1852 850 1896 Callidum
879 1853 1170 1895 Hannibalem
1203 1868 1252 1894 ex
1284 1853 1445 1895 Poeno-

49 1923 82 1950 so
101 1927 208 1966 rum,
235 1927 285 1954 ex
310 1913 471 1954 nostris
499 1912 675 1954 ducibus
703 1911 749 1960 Q.
774 1912 1008 1953 Maximum
1035 1912 1287 1967 accepimus,
1320 1912 1445 1954 facile

102 1971 252 2024 celare,
277 1974 431 2026 tacere,
455 1971 739 2023 dissimulare,
759 1971 967 2024 insidiari,
987 1972 1230 2026 praeripere
1251 1972 1443 2012 hostium

102 2030 290 2072 consilia.
340 2029 391 2071 In
423 2045 506 2085 quo
537 2044 691 2086 genere
718 2029 870 2072 Graeci
896 2029 1231 2072 Themistoclem
1264 2034 1308 2071 et
1338 2029 1446 2071 Phe-

101 2103 246 2131 raeum
278 2088 476 2131 Iasonem
509 2089 661 2131 ceteris
695 2091 982 2144 anteponunt3
1012 2089 1058 2130 in
1087 2089 1323 2145 primisque
1355 2104 1446 2131 ver-

103 2150 247 2190 sutum
279 2151 322 2190 et
353 2148 554 2190 callidum
586 2147 748 2189 factum
781 2146 969 2202 Solonis,
1002 2149 1086 2203 qui,
1119 2163 1202 2203 quo
1236 2152 1279 2190 et
1310 2148 1446 2190 tutior

50 2217 83 2243 ⁸5
104 2206 192 2248 eius
229 2207 320 2248 vita
357 2210 470 2249 esset
509 2210 552 2249 et
588 2207 686 2262 plus
725 2207 946 2261 aliquanto
985 2207 1047 2248 rei
1084 2207 1281 2263 publicae
1322 2207 1446 2263 prod-

104 2268 227 2319 esset,
257 2266 397 2309 furere
424 2280 468 2307 se
501 2266 732 2308 simulavit.
782 2265 890 2307 Sunt
923 2265 989 2307 his
1023 2267 1096 2308 alii
1128 2267 1313 2308 multum
1346 2266 1426 2307 dis·
1451 2276 1514 2307 109

102 2338 245 2379 pares,
277 2325 491 2380 simplices
519 2329 561 2366 et
593 2325 751 2380 aperti,
782 2326 854 2380 qui
885 2325 994 2366 nihil
1027 2339 1077 2366 ex
1109 2325 1297 2378 occulto,
1334 2325 1443 2367 nihil
