1673 2505
333 123 611 159 POEMATUM.
638 123 681 158 H.
709 123 759 158 IV
785 134 807 158 a
831 135 864 158 v.
892 127 1089 159 203—329.
1298 126 1381 166 369

46 233 139 276 Hoc
170 246 271 274 cave
302 234 344 272 te
376 231 423 275 in
451 233 632 285 pontum
664 232 836 273 studeas
868 231 1136 273 committere
1169 246 1330 286 mense3

45 291 157 334 Nam
187 305 274 332 non
305 290 588 344 longinquum
620 290 808 344 spatium
840 290 984 331 labere
1017 289 1234 344 diurnum,

46 350 143 392 Non
174 349 356 390 hiberna
387 348 472 389 cito
505 348 702 390 volvetur
734 348 943 390 curriculo
975 363 1071 389 nOX.

0 415 29 454 ‚5
46 407 202 450 Umida
232 422 318 448 non
351 421 442 448 sese
475 407 628 448 vestris
662 407 831 448 Aurora
863 407 1064 462 querellis

47 466 172 508 Ocius
206 466 419 519 ostendet,
451 465 555 507 clari
586 466 842 519 praenuntia
874 466 996 519 solis,
1316 476 1383 507 300

46 525 106 567 At
137 524 290 566 validis
325 539 484 578 aequor
515 524 708 579 pulsabit
740 525 902 566 viribus
935 525 1106 566 Auster.

47 583 155 624 Tum
185 584 317 624 fixum
348 583 532 624 tremulo
567 583 783 637 quatietur
813 583 976 639 frigore
1008 597 1173 638 corpus.

47 641 128 684 Sed
158 644 303 683 tamen
336 641 436 682 anni
468 641 552 682 iam
585 642 790 683 labuntur
820 642 1013 697 tempore
1045 644 1138 683 toto

0 707 33 745 Ὀ
46 700 135 742 Nec
167 701 233 742 cui
265 700 486 756 signorum
520 700 674 741 cedunt
705 715 841 755 neque
873 700 1048 742 flamina
1078 701 1220 742 vitant

44 759 134 801 Nec
165 761 362 800 metuunt
393 773 520 800 canos
553 759 770 800 minitanti
802 774 1019 801 murmure
1052 759 1215 801 fluctus.
1316 769 1383 801 305

102 819 163 859 At
191 821 341 859 nautae
368 818 519 870 fulicae
549 819 718 871 similes,
750 832 958 872 meryoquc
987 820 1168 869 natanti,

0 924 1 932 ἵ
43 877 191 919 Anxia
212 891 290 930 per
321 880 446 918 totum
476 878 669 919 iactantes
700 878 859 918 lumina
882 881 1073 930 pontum,

45 936 325 989 Nequicquam
354 949 557 989 nusquam
581 937 774 989 parentia
807 937 927 978 litora
958 940 1175 989 quaerunt,

45 994 162 1037 Dum
193 995 324 1036 tenuis
353 996 469 1048 myro
502 995 640 1036 tabula
669 995 741 1036 hos
770 995 985 1049 distinqui&
1014 996 1064 1036 ab
1098 994 1210 1037 Orco.

45 1054 189 1108 Atque
222 1053 351 1094 etiam
385 1068 538 1108 supero
570 1054 671 1095 navi
702 1054 941 1109 pelagoque
973 1056 1125 1096 vacato
1317 1064 1385 1094 310

44 1111 209 1166 Mense,
242 1110 626 1167 Sagittipotens
659 1111 772 1154 Solis
805 1128 899 1154 cum
932 1113 1116 1154 sustinet
1148 1112 1308 1165 orbem,

46 1171 168 1226 [Non
197 1171 324 1212 multo
356 1172 505 1212 leviora
527 1174 646 1224 putes
676 1172 829 1212 instare
851 1172 1025 1225 pericla,

44 1230 154 1272 Ante
183 1231 326 1283 niqras
357 1233 498 1271 cautus
530 1230 709 1272 tenebras
738 1230 951 1272 subduccre
975 1229 1186 1284 pzwpim]

45 1288 159 1330 Nam
190 1288 276 1329 iam
308 1290 402 1329 tum
432 1288 559 1329 nimis
593 1288 747 1344 exiguo
780 1289 853 1330 lux
884 1292 1078 1344 tempore
1104 1291 1276 1344 praesto
1309 1291 1386 1330 est.

46 1347 141 1389 Hoc
168 1348 339 1403 signum
358 1348 532 1389 veniens
558 1350 761 1402 poterunt
787 1363 1064 1403 praenoscere
1089 1350 1268 1401 nautae3
1318 1357 1385 1389 315

46 1406 139 1448 Iam
171 1421 304 1461 prope
336 1406 648 1461 praecipitante
680 1407 827 1448 licebit
859 1407 994 1448 visere
1026 1410 1168 1460 nocte,

46 1464 108 1507 Ut
141 1479 232 1506 sese
265 1480 486 1520 emergens
520 1466 719 1507 ostendat
751 1464 950 1521 Scorpios
983 1466 1071 1507 alto

46 1524 290 1566 Posteriore
323 1525 500 1565 trahens
532 1524 688 1565 flexum
719 1525 761 1566 vi
792 1524 984 1580 corporis
1017 1539 1180 1579 arcum3

46 1583 127 1625 Sed
155 1583 274 1636 Nepa
303 1597 386 1624 non
416 1584 590 1625 multum
617 1584 748 1636 prior,
779 1587 825 1625 at
845 1585 966 1637 prior
995 1585 1078 1625 exit
1106 1584 1156 1625 ab
1186 1584 1319 1625 undis.

46 1641 139 1683 Iam
171 1656 326 1697 supera
358 1657 502 1684 cernes
535 1642 657 1684 Arcti
689 1645 817 1697 caput
849 1657 941 1684 esse
973 1643 1152 1684 minoris
1320 1653 1385 1683 320

47 1700 107 1742 Et
138 1701 277 1756 magis
310 1703 498 1743 erectum
531 1701 584 1742 ad
616 1716 830 1743 summum
862 1701 1072 1743 versarier
1099 1702 1257 1743 orbem.

48 1759 157 1801 Tum
190 1774 282 1801 sese
315 1759 447 1802 Orion
478 1762 572 1802 toto
603 1760 689 1801 iam
723 1775 900 1816 corpore
933 1760 1077 1802 condit

47 1818 256 1860 Extrema
286 1834 419 1874 prope
450 1822 593 1873 nocte,
625 1822 667 1861 et
699 1818 894 1874 Cepheus
927 1819 1123 1862 conditur
1155 1820 1240 1861 alte

48 1877 312 1920 Lumborum
343 1880 468 1919 tenus
501 1893 526 1920 a
557 1879 703 1933 palma
734 1878 936 1933 depulsus
969 1879 1022 1920 ad
1052 1879 1240 1920 umbras.

107 1936 189 1978 Hic
214 1937 395 1978 missore
420 1952 576 1979 vacans
601 1937 773 1993 fulgens
799 1937 910 1979 iacet
935 1953 1020 1978 una
1041 1935 1262 1993 Sagitta,
1319 1947 1386 1978 325

49 1994 185 2044 Quam
218 1998 396 2051 propter
426 1996 568 2037 nitens
599 1996 731 2051 pinna
762 1997 1032 2038 convolvitur
1063 1997 1184 2051 Ales3

48 2053 166 2096 Haec
198 2054 360 2096 clinata
390 2055 530 2111 magis
562 2055 691 2110 paulo
725 2057 790 2096 est
822 2055 1050 2110 Aquilonis
1083 2056 1135 2097 ad
1168 2069 1304 2097 auras.

49 2112 109 2154 At
139 2116 317 2169 propter
348 2128 393 2155 se
425 2115 614 2169 Aquila
645 2114 811 2156 ardenti
844 2129 937 2156 cum
971 2129 1148 2170 corpore
1180 2116 1329 2169 portat

49 2170 286 2227 Igniferum
318 2173 509 2215 mulcens
541 2173 833 2215 tremebundis
867 2173 1042 2215 aethera
1072 2173 1234 2229 pinnis,

142 2310 185 2345 V.
213 2315 280 2346 317
295 2322 348 2355 sq.
377 2312 449 2346 Cic.
471 2312 519 2346 N.
544 2313 591 2346 D.
613 2312 664 2346 II
678 2315 733 2346 44.
755 2315 841 2347 113:
867 2312 918 2347 Ut
942 2323 1022 2347 sese
1048 2312 1246 2347 ostendens
1273 2323 1385 2346 emer-

49 2356 107 2402 git
131 2369 157 2394 e.
183 2370 215 2403 q.
241 2369 269 2393 s.
294 2379 340 2383 —
367 2363 434 2394 326
459 2360 567 2395 ibid:
593 2358 708 2401 Quem
733 2361 887 2404 propter
910 2371 936 2395 e.
963 2371 994 2404 q.
1021 2371 1047 2394 s.
1074 2380 1119 2384 —
1145 2363 1212 2394 328
1237 2360 1326 2395 ibid.

121 2421 191 2450 (ΠΟ.
211 2424 264 2449 IV.
285 2424 308 2449 3.
1130 2423 1174 2452 24
