1663 2490
154 865 196 896 98

157 1690 200 1720 99

169 2279 228 2310 100

215 45 272 85 34
738 43 802 77 DE
829 43 933 78 OFFI
940 43 1027 78 CIIS

217 166 267 193 ex
293 166 342 193 eo
370 151 533 205 decoro,
560 152 673 205 quod
698 154 850 206 poetae
878 153 1131 205 sequuntur3
1164 151 1213 192 de
1241 166 1323 205 quo
1351 151 1433 192 alio
1460 151 1554 194 loco

217 211 342 265 plura
373 211 455 252 dici
481 211 631 252 solent.
677 208 757 250 Sed
783 213 875 250 tum
908 224 1076 251 servare
1107 210 1215 251 illud
1246 214 1410 264 poetas,
1443 211 1554 264 quod

218 269 376 323 deceat,
409 269 598 322 dicimus,
631 283 726 310 cum
751 268 806 321 id,
838 268 951 322 quod
977 282 1142 322 quaque
1168 283 1351 323 persona
1378 269 1552 324 dignum

219 331 296 382 est,
328 331 370 369 et
401 328 450 368 fit
482 330 525 369 et
556 327 726 380 dicitur-3
759 330 818 379 ut,
851 327 887 367 si
906 326 1071 368 Aeacus
1105 330 1178 367 aut
1204 327 1343 368 Minos
1378 327 1553 369 diceret:

337 376 566 439 Oderint,
600 386 710 426 dum
743 387 995 438 metuant,
1594 398 1609 423 5

221 448 311 486 aut:

516 501 653 543 natis
687 503 956 556 sepulchro
989 503 1096 557 ipse
1129 504 1206 544 est
1238 517 1440 558 parens,

220 562 464 604 indecorum
490 562 716 614 videretur,
743 561 855 614 quod
882 575 952 602 eos
978 561 1110 602 fuisse
1136 562 1272 603 iustos
1300 562 1557 616 accepimus3

221 624 267 662 at
298 620 431 662 Atreo
465 620 629 661 dicente
661 620 836 674 plausus
876 620 1132 674 excitantur3
1173 624 1238 661 est
1277 621 1388 662 enim
1428 621 1557 675 digna

220 693 404 735 persona
436 679 586 720 oratio.
637 677 718 719 Sed
750 681 913 733 poetae,
946 679 1047 732 quid
1074 693 1282 733 quemque
1316 679 1474 732 deceat,
1507 694 1556 720 ex
1579 691 1611 715 ιο
1658 702 1662 725 1

221 752 404 793 persona
442 737 707 790 iudicabunt3
742 737 866 778 nobis
906 741 1048 778 autem
1088 752 1316 792 personam
1353 738 1559 793 imposuit

221 797 316 851 ipsa
359 799 513 837 natura
558 810 715 851 magna
764 811 858 838 cum
909 796 1161 838 excellentia
1210 797 1558 851 praestantiaque

223 855 506 896 animantium
543 856 816 909 reliquarum.
879 853 1086 902 Quocirca
1126 859 1277 910 poe'tae
1314 856 1358 896 in
1402 869 1560 910 magna

222 914 431 956 varietate
468 928 767 969 personarum,
811 914 941 955 etiam
980 914 1146 955 vitiosis
1191 914 1292 968 quid
1335 915 1560 956 conveniat

224 975 266 1015 et
298 973 398 1027 quid
430 972 593 1026 deceat,
631 973 852 1026 videbunt,
888 973 1013 1015 nobis
1046 975 1189 1014 autem
1222 988 1316 1014 cum
1350 988 1374 1014 a
1405 976 1560 1014 natura
1582 984 1613 1010 15
1654 995 1663 1019 ,ρ

224 1033 510 1085 constantiae,
547 1032 870 1085 moderationis,
911 1033 1237 1087 temperantiae,
1284 1032 1561 1073 verecundiae

224 1094 368 1146 partes
402 1091 526 1132 datae
558 1091 661 1145 sint,
700 1105 879 1145 cumque
918 1091 1063 1132 eadem
1102 1094 1257 1132 natura
1295 1091 1445 1132 doceat
1476 1105 1562 1132 non

224 1151 463 1206 neglegere,
496 1164 621 1204 quem
654 1149 707 1191 ad
739 1150 911 1191 modum
936 1164 1015 1190 nos
1042 1149 1244 1190 adversus
1272 1150 1466 1191 homines
1494 1164 1561 1204 ge-

224 1223 380 1263 ramus,
413 1208 606 1262 efficitur,
637 1211 686 1249 ut
719 1211 761 1249 et
791 1208 910 1261 illud,
944 1208 1055 1262 quod
1088 1208 1141 1249 ad
1167 1223 1336 1249 omnem
1362 1209 1560 1250 honesta-

224 1271 311 1309 tem
342 1267 541 1322 pertinet,
574 1267 772 1308 decorum
804 1282 932 1321 quam
965 1268 1051 1308 late
1082 1267 1225 1308 fusum
1252 1267 1320 1321 sit,
1353 1270 1561 1322 appareat
1581 1278 1614 1303 20

225 1329 267 1368 et
297 1327 390 1379 hoc,
423 1326 536 1380 quod
568 1329 786 1380 spectatur
816 1327 861 1367 in
892 1340 975 1367 uno
1003 1340 1169 1380 quoque
1196 1340 1349 1381 genere
1375 1327 1561 1367 virtutis.

224 1385 286 1427 Ut
311 1386 422 1426 enim
449 1385 721 1439 pulchritudo
749 1385 940 1440 corporis
966 1387 1070 1439 apta
1095 1384 1405 1439 compositione
1431 1400 1562 1426 mem-

227 1445 400 1486 brorum
431 1447 576 1485 movet
607 1444 752 1485 oculos
785 1447 828 1484 et
860 1444 1043 1485 delectat
1067 1443 1148 1485 hoc
1174 1444 1281 1498 ipso,
1313 1443 1425 1498 quod
1450 1444 1563 1485 inter

227 1518 271 1545 se
303 1517 450 1544 omnes
482 1505 627 1557 partes
660 1517 754 1544 cum
788 1503 973 1556 quodam
1004 1503 1150 1557 lepore
1182 1502 1471 1556 consentiunt,
1504 1503 1562 1544 sic

227 1636 386 1675 eorum,
407 1621 658 1675 quibuscum
679 1621 848 1674 vivitur,
871 1620 1017 1661 ordine
1038 1623 1080 1661 et
1101 1620 1342 1662 constantia
1362 1623 1405 1661 et
1425 1620 1564 1662 mode-

228 1680 393 1721 ratione
426 1679 636 1721 dictorum
663 1680 853 1721 omnium
880 1682 1007 1733 atque
1033 1678 1257 1721 factorum.
1308 1678 1564 1721 Adhibenda

228 1742 294 1781 est
330 1738 464 1794 igitur
508 1738 715 1793 quaedam
760 1738 998 1780 reverentia
1039 1738 1241 1779 adversus
1286 1738 1480 1779 homines
1523 1741 1565 1779 et

229 1797 382 1853 optimi
415 1797 616 1852 cuiusque
649 1800 692 1838 et
723 1797 996 1851 reliquorum.
1046 1795 1158 1838 Nam
1190 1797 1431 1852 neglegere,
1465 1796 1565 1851 quid

229 1857 279 1898 de
313 1871 355 1898 se
389 1856 567 1911 quisque
599 1856 774 1908 sentiat,
812 1870 898 1897 non
930 1856 1069 1897 solum
1101 1856 1343 1910 arrogantis
1377 1858 1460 1909 est,
1493 1855 1565 1897 sed
1584 1865 1609 1891 3(

230 1915 360 1957 etiam
393 1915 565 1956 omnino
599 1915 806 1956 dissoluti.
867 1914 948 1955 Est
980 1917 1140 1965 autem,
1178 1914 1290 1968 quod
1322 1914 1491 1956 differat
1522 1915 1566 1955 in

230 1974 451 2015 hominum
483 1974 649 2015 ratione
680 1974 877 2015 habenda
907 1974 1019 2014 inter
1050 1973 1263 2014 iustitiam
1296 1976 1337 2014 et
1369 1987 1565 2014 verecun-

232 2033 356 2074 diam.
400 2032 596 2074 Iustitiae
622 2035 766 2087 partes
793 2035 893 2074 sunt
918 2046 1003 2073 non
1028 2032 1189 2073 violare
1216 2032 1423 2085 homines,
1452 2046 1566 2073 vere-

231 2091 407 2134 cundiae
438 2106 524 2132 non
556 2091 785 2144 offendere3
816 2091 860 2132 in
886 2105 969 2145 quo
996 2105 1192 2132 maxume
1219 2091 1282 2132 vis
1309 2091 1566 2146 perspicitur

233 2209 423 2262 dicimus,
457 2209 724 2250 intellectum
755 2211 872 2263 puto.

321 2267 518 2309 Officium
550 2270 704 2322 autem,
737 2267 849 2322 quod
881 2267 934 2308 ab
961 2281 1009 2308 eo
1036 2267 1214 2320 ducitur,
1247 2266 1357 2308 hanc
1382 2267 1568 2322 primum
