1673 2505
576 96 676 131 CAP.
703 100 736 140 5,
762 100 793 132 6.
832 99 851 138 ς
879 99 1027 130 14—19.
1389 94 1474 135 219

131 208 480 259 senectutemque
512 203 783 258 conpellitur.
844 202 967 244 Hanc
997 201 1133 257 igitur
1163 200 1316 242 habuit
1347 201 1476 242 ratio-

131 279 230 307 nem
262 264 437 305 effector
472 262 619 304 mundi
652 264 694 303 et
732 261 909 303 molitor
950 260 1070 314 deus,
1110 262 1159 301 ut
1199 274 1331 300 unum
1369 273 1476 313 opus

130 326 272 365 totum
304 325 432 376 atque
462 320 700 376 perfectum
726 334 777 361 ex
803 319 1002 361 omnibus
1036 320 1079 360 et
1104 317 1210 360 totis
1237 320 1366 371 atque
1385 331 1477 371 per-

130 381 253 423 fectis
287 380 549 433 absolveret,
587 378 701 434 quod
733 378 850 420 omni
881 377 1032 419 morbo
1065 378 1108 418 et
1140 376 1259 418 senio
1291 377 1476 417 vacaret.

95 453 111 477 r»
130 439 332 481 Formam
354 441 499 480 autem
525 440 568 479 et
594 437 779 478 maxime
807 439 1040 492 cognatam
1060 437 1103 477 et
1123 434 1321 477 decoram
1349 434 1476 475 dedit.
1504 436 1530 475 6

131 498 171 540 A
203 512 287 552 quo
320 497 434 538 enim
466 495 676 538 animanti
710 495 848 537 omnis
880 495 1070 549 reliquos
1103 492 1314 536 contineri
1345 492 1479 534 vellet

131 556 390 608 animantes,
427 555 541 597 hunc
572 569 623 596 ea
652 554 794 595 forma
825 553 1049 609 figuravit,
1087 567 1173 607 qua
1202 566 1289 593 una
1330 565 1477 593 omnes

129 615 294 657 formae
326 614 517 669 reliquae
550 612 880 665 concluduntur,
922 615 965 653 et
992 611 1223 667 globosum
1255 612 1321 652 est
1346 609 1479 651 fabri-

131 676 270 727 catuS,
309 673 423 727 quod
461 671 744 725 σφαιροειδές
775 669 929 712 Graeci
969 672 1144 724 vocant,
1181 669 1301 711 cuius
1340 668 1478 710 omnis

79 746 112 770 10
133 732 382 774 extremitas
413 731 589 786 paribus
616 746 642 772 a
669 729 809 771 medio
834 729 966 770 radiis
994 729 1239 784 attingitur,
1263 728 1391 781 idque
1416 727 1479 768 ita

131 791 335 843 tornavit,
366 792 415 832 ut
444 789 554 832 nihil
585 789 752 831 efficere
778 790 926 843 posset
952 787 1197 841 rotundius,
1222 786 1332 828 nihil
1361 800 1479 840 aspef

132 849 276 890 ritatis
308 851 357 890 ut
387 849 585 900 haberet,
617 848 726 889 nihil
759 846 1020 899 offensionis,
1051 845 1161 887 nihil
1193 845 1375 887 incisum
1408 858 1480 886 an-

134 908 259 964 gulis,
284 907 394 949 nihil
421 906 699 958 anfractibus,
724 905 834 947 nihil
855 905 1059 959 eminens,
1083 904 1194 946 nihil
1215 904 1479 954 lacunosum,

133 981 365 1020 omnesque
391 969 537 1021 partes
565 965 809 1006 simillimas
835 963 1043 1014 omnium,
1072 963 1185 1017 quod
1211 962 1301 1004 eius
1322 961 1479 1003 iudicio

81 1037 114 1063 15
133 1025 386 1081 praestabat
419 1023 759 1065 dissimilitudini
791 1022 1041 1063 similitudo.
1087 1021 1214 1063 Omni
1247 1023 1391 1062 autem
1418 1023 1479 1061 to·
1510 1031 1550 1061 13

133 1087 224 1125 tam
255 1084 441 1139 figuram
481 1082 629 1124 mundi
666 1081 846 1122 levitate
883 1080 1173 1123 circumdedit.
1234 1078 1325 1121 Nec
1367 1078 1481 1120 enim

134 1142 268 1184 oculis
302 1141 471 1197 egebat,
503 1141 604 1195 quia
634 1140 743 1181 nihil
776 1141 908 1192 extra,
942 1139 1054 1193 quod
1087 1138 1204 1180 cerni
1233 1139 1393 1192 posset,
1419 1151 1482 1178 re-

133 1201 284 1243 lictum
317 1203 422 1254 erat,
452 1214 530 1241 nec
563 1199 751 1252 auribus,
782 1198 883 1252 quia
914 1212 966 1238 ne
1000 1196 1114 1251 quod
1146 1196 1367 1238 audiretur
1393 1195 1482 1250 qui-

134 1260 248 1314 dem,
285 1273 422 1313 neque
464 1260 588 1300 erant
626 1257 770 1299 anima
807 1255 1065 1298 circumfusa
1098 1257 1291 1297 extrema
1322 1254 1482 1307 mundi,

133 1321 182 1360 ut
213 1317 543 1372 respirationem
575 1316 826 1371 requireret,
859 1329 938 1356 nec
968 1329 1069 1356 vero
1103 1313 1376 1355 desiderabat
1407 1315 1482 1354 aut

81 1390 116 1414 20
136 1377 344 1419 alimenta
381 1375 572 1431 corporis
615 1377 690 1416 aut
729 1373 1038 1415 detractionem
1078 1372 1262 1415 confecti
1300 1374 1343 1413 et
1386 1386 1483 1413 con·

136 1435 299 1490 sumpti
343 1435 445 1489 cibi3
487 1448 624 1489 neque
669 1432 782 1474 enim
819 1432 911 1473 ulla
949 1431 1137 1473 decessio
1176 1431 1269 1472 fieri
1309 1433 1483 1485 poterat

135 1509 274 1549 neque
307 1493 511 1547 accessio,
548 1507 626 1534 nec
663 1506 765 1533 vero
805 1493 899 1532 erat
935 1490 1058 1532 unde.
1118 1489 1272 1544 Itaque
1311 1503 1356 1530 se
1387 1489 1482 1544 ipse

136 1552 462 1607 consumptione
483 1554 526 1594 et
546 1551 664 1592 senio
686 1550 833 1592 alebat
853 1549 931 1604 sui,
963 1564 1058 1591 cum
1088 1548 1180 1603 ipse
1211 1562 1289 1603 per
1317 1562 1362 1589 se
1390 1550 1433 1589 et
1459 1562 1484 1589 a

136 1626 182 1654 se
203 1614 246 1653 et
259 1614 480 1666 pateretur
501 1612 544 1652 et
561 1610 724 1652 faceret
743 1608 898 1650 omnia.
943 1606 1012 1650 Sic
1027 1607 1140 1649 enim
1169 1611 1289 1649 ratus
1311 1609 1378 1648 est
1396 1606 1483 1660 ille,

84 1682 117 1707 25
137 1670 211 1726 qui
241 1670 328 1711 ista
357 1669 498 1711 iunxit
530 1671 573 1711 et
605 1667 812 1721 condidit,
850 1666 993 1722 ipsum
1030 1680 1076 1708 se
1107 1668 1358 1708 contentum
1391 1679 1483 1707 esse

43 1730 46 1732 ’
136 1728 342 1772 mundum
384 1742 522 1783 neque
566 1741 691 1783 egere
736 1727 886 1768 altero.
946 1724 1100 1779 Itaque
1139 1724 1178 1766 ei
1215 1739 1293 1766 nec
1330 1738 1482 1766 manus
1515 1734 1553 1764 19

137 1787 305 1842 adfixit,
345 1787 549 1842 quoniam
591 1800 669 1827 nec
707 1784 960 1840 capiendum
1011 1783 1239 1838 quicquam
1278 1787 1371 1824 erat
1407 1797 1485 1824 nec

137 1845 450 1902 repellendum,
486 1860 564 1888 nec
595 1844 725 1900 pedes
758 1846 833 1885 aut
865 1843 952 1885 alia
983 1842 1195 1896 membra,
1236 1841 1392 1896 quibus
1424 1841 1484 1882 in-

139 1919 336 1961 gressum
367 1904 560 1960 corporis
593 1903 838 1945 sustineret.
881 1901 1050 1943 Motum
1082 1900 1195 1942 enim
1222 1900 1339 1942 dedit
1365 1900 1484 1942 caelo

86 1976 120 2001 30
140 1978 253 2017 eum,
291 1963 364 2018 qui
400 1964 565 2019 figurae
597 1963 688 2004 eius
721 1964 835 2003 esset
867 1960 1136 2015 aptissimus,
1175 1959 1248 2014 qui
1285 1973 1395 2001 unus
1434 1973 1485 2000 ex

139 2025 305 2078 septem
345 2022 536 2064 motibus
573 2023 764 2063 mentem
801 2022 930 2074 atque
967 2018 1314 2074 intellegentiam
1354 2018 1485 2060 cieret

140 2081 335 2123 maxime.
396 2080 550 2136 Itaque
586 2095 673 2122 una
710 2079 988 2121 conversione
1027 2079 1156 2132 atque
1200 2077 1348 2118 eadem
1391 2077 1485 2130 ipse

141 2140 299 2181 circum
331 2153 375 2181 se
406 2141 634 2194 torquetur
666 2140 709 2180 et
740 2137 934 2179 vertitur.
997 2134 1079 2178 Sex
1112 2138 1256 2177 autem
1294 2135 1484 2190 reliquos

140 2200 283 2239 motus
316 2198 370 2239 ab
403 2213 452 2240 eo
485 2197 704 2253 separavit
735 2197 882 2251 itaque
914 2195 968 2237 ab
1001 2194 1118 2236 omni
1147 2194 1362 2236 erratione
1389 2208 1485 2235 eum

87 2268 120 2293 35
140 2255 352 2298 liberavit.
396 2256 466 2298 Ad
496 2257 608 2299 hanc
638 2256 773 2312 igitur
804 2253 1140 2307 conversionem,
1169 2267 1278 2308 quae
1304 2253 1485 2308 pedibus

141 2317 184 2356 et
217 2314 352 2371 gradu
383 2330 471 2358 non
503 2317 666 2372 egeret,
710 2313 979 2370 ingrediendi
1013 2313 1207 2354 membra
1237 2326 1325 2353 non
1357 2311 1486 2353 dedit.
