1663 2490
388 67 476 104 LIB.
503 68 529 101 1.
582 67 682 103 CAP.
709 72 766 111 44,
793 72 848 103 45.
899 71 918 110 ς
947 72 1140 103 157-161.
1378 69 1435 110 55

98 174 209 229 quod
252 177 450 216 teneatur
499 175 721 217 hominum
771 176 987 218 societate.
1055 175 1246 227 [Etenim
1292 177 1435 232 cogni-

45 278 48 281 ,
96 234 257 275 tionem
288 233 644 288 prudentiamque
677 237 879 289 sequetur
909 234 1180 276 considerata
1212 235 1341 289 acti03
1373 235 1436 276 ita

95 292 156 345 fit,
188 294 236 333 ut
268 306 396 348 agere
428 292 694 334 considerate
720 294 857 347 pluris
884 293 941 334 sit
967 308 1095 347 quam
1122 293 1312 349 cogitare
1339 308 1435 348 pru-

96 350 272 403 denten]
346 350 489 405 Atque
541 351 646 393 haec
690 352 859 405 quidem
902 352 1120 393 haetenus.
1187 351 1435 394 Patefactus

60 420 76 446 5
97 408 208 450 enim
240 409 359 451 locus
391 412 457 451 est
488 410 590 464 ipse,
622 412 670 450 ut
701 416 788 451 non
820 409 992 452 difficile
1025 411 1081 451 sit
1106 411 1151 452 in
1177 411 1434 465 exquirendo

96 467 250 522 officio,
282 467 384 522 quid
412 468 562 522 cuique
589 468 646 509 sit
672 469 1030 523 praeponendum,
1062 469 1215 511 videre.
1265 469 1316 510 In
1341 469 1436 524 ipsa

96 529 240 568 autem
266 527 573 568 communitate
600 530 700 568 sunt
726 528 883 582 gradus
911 527 1160 582 officiorum,
1194 543 1242 569 ex
1269 528 1436 582 quibus,

96 585 198 639 quid
235 585 385 639 cuique
422 587 630 640 praestet,
674 586 869 642 intellegi
907 587 1063 641 possit,
1107 590 1155 628 ut
1193 587 1332 641 prima
1371 584 1439 628 dis'

94 643 410 697 inmortalibus,
444 644 627 686 secunda
657 645 836 699 patriae,
867 646 997 687 tertia
1027 646 1291 700 parentibus,
1323 645 1436 687 dein·

44 714 75 738 10
95 716 195 757 ceps
234 703 448 758 gradatim
487 703 662 757 reliquis
702 703 947 745 debeantur.
1009 703 1171 753 Quibus
1208 719 1258 746 ex
1290 705 1418 746 rebus
1441 714 1502 746 161

95 761 284 803 breviter
323 761 554 817 disputatis
593 762 789 818 intellegi
823 765 969 817 potest
997 777 1086 805 non
1117 763 1257 805 solum
1288 763 1330 804 id
1362 763 1435 805 ho-

96 820 232 862 mines
265 821 402 862 solere
435 821 649 875 dubitare,
688 821 971 863 honestumne
1003 837 1058 863 an
1089 825 1214 877 turpe
1247 822 1321 876 sit,
1363 822 1436 864 sed

96 879 227 920 etiam
260 879 423 921 duobus
455 879 690 934 propositis
722 880 914 921 honestis
946 883 1091 922 utrum
1116 880 1340 922 honestius
1367 882 1434 922 sit.

95 937 178 980 Hic
203 939 322 980 locus
348 952 373 978 a
398 937 604 980 Panaetio
632 941 708 992 est,
740 941 788 979 ut
815 953 944 994 supra
970 939 1069 994 dixi,
1093 940 1436 995 praetermissus⁴

44 1007 76 1032 ιδ
95 994 178 1038 Sed
209 996 296 1038 iam
328 996 382 1037 ad
413 997 579 1052 reliqua
609 1011 852 1053 pergamuS.
