1673 2505
236 64 320 104 242
748 63 1047 98 FRAGMENTA

382 172 474 213 Hoc
505 172 727 224 exemplum
758 170 880 223 affert
909 172 979 213 lioc
1017 172 1114 224 loco,
1151 173 1259 224 quod
1292 173 1377 214 vult
1399 173 1574 225 probare

293 231 477 272 desistere
520 230 752 272 Cominium
801 231 935 272 debere
977 231 1027 272 ab
1075 232 1327 272 accusatione
1369 231 1574 284 (quamvis

294 304 418 342 neque
453 303 545 330 reus
581 290 716 340 factus
752 290 808 331 sit
842 303 966 342 neque
1000 290 1138 341 fecerit
1166 291 1437 344 pactionem)‚·
1475 305 1574 332 nam

294 349 484 390 Metellus
515 351 551 389 et
586 348 861 400 postulaverat
892 348 1109 390 Curionem
1139 355 1173 389 et
1202 349 1416 390 destiterat.
1473 349 1573 391 Con-

293 408 402 461 fuyit
443 410 577 447 autem
620 410 756 447 orator
797 408 853 448 acl
886 407 1043 448 Metelli·
1085 407 1333 449 nobilitatem
1369 411 1406 449 et
1441 409 1497 449 acl
1531 408 1574 450 C.
1610 421 1626 446 5

296 466 487 508 Curionis
525 466 790 520 industriam,
833 469 880 507 ut
917 469 1056 519 teyeret
1091 467 1149 519 iil,
1191 467 1297 518 quocl
1331 467 1395 508 illi
1431 467 1575 508 utilius

295 539 419 578 quam
443 524 647 565 honestius
669 524 857 576 fecerant.
906 524 988 566 Res
1018 528 1152 566 autem
1184 528 1265 565 tota
1292 538 1334 567 se
1357 526 1414 567 sic
1438 525 1574 574 hahet,-

295 585 341 624 in
371 597 452 635 qua
482 583 642 635 quidem
674 583 777 625 illucl
798 584 984 636 primum
1010 584 1293 636 explicandum
1324 588 1390 637 est,
1421 585 1468 625 sle
1497 598 1574 637 quo

295 643 459 683 Ilffetello
489 642 560 682 lioc
599 642 718 683 dicat.
780 643 969 684 Fuerunt
998 645 1107 683 enim
1139 646 1234 683 tunc
1258 643 1399 694 plures
1432 643 1576 694 Quinti

295 701 467 749 Metelli,
505 714 552 741 ea:
587 701 731 752 quibus
767 702 845 742 cluo
882 702 1128 754 consulares⁷
1165 700 1268 742 Pius
1308 705 1345 742 et
1375 700 1573 751 Creticus;
1597 716 1628 740 ιο

295 761 343 802 ole
372 760 517 812 quibus
547 763 719 812 apparet
747 774 837 801 eum
867 774 949 801 non
980 761 1128 809 dicere;
1166 761 1244 801 duo
1275 763 1410 801 autem
1440 761 1576 802 adule-

296 822 453 871 scentes,
488 819 620 871 Nepos
650 822 687 860 et
711 817 831 871 Celer,
863 833 910 860 ex
935 820 1079 872 quibus
1103 832 1212 860 nunc
1237 819 1429 871 Nepotem
1453 821 1576 872 siqni-

295 879 400 931 ficat.
449 878 557 919 Eius
588 878 694 918 enim
718 881 879 930 patrem
913 878 957 929 Q.
982 878 1192 919 Metellum
1218 878 1423 932 Nepotem,
1454 878 1575 920 Bali-

295 937 399 978 arici
429 937 575 989 filium,
605 937 860 978 flsaceclonici
890 940 1079 991 nepotem,
1111 938 1183 989 qui
1212 937 1350 978 consul
1371 937 1456 989 fuit
1485 951 1577 978 cum

299 996 344 1037 T.
375 995 521 1045 Didio,
554 994 677 1036 Curio
709 997 761 1048 is,
792 997 839 1037 cle
868 1010 945 1048 quo
977 997 1169 1049 loquitur,
1206 997 1428 1045 accusavit;
1469 997 1576 1049 isque
1597 1009 1628 1034 15

298 1055 485 1096 Metellus
521 1055 697 1096 moriens
726 1056 846 1107 petiit
880 1055 930 1096 ab
967 1055 1038 1096 lioc
1072 1055 1158 1107 filio
1198 1067 1270 1095 suo
1307 1055 1486 1107 Metello,
1531 1058 1578 1096 ut

297 1114 513 1155 Curionem
544 1116 816 1155 accusatorem
840 1127 960 1155 suum
984 1117 1200 1163 accusaret,
1231 1116 1269 1154 et
1297 1114 1342 1154 iel
1367 1114 1576 1165 facturum

296 1186 377 1214 esse
395 1174 483 1213 iure
501 1173 677 1213 iurando
702 1173 843 1225 adeyit.
884 1173 1072 1214 Metellus
1088 1173 1183 1224 fecit
1200 1185 1313 1213 reum
1335 1171 1552 1213 Curionem
1563 1186 1574 1220 ,-

296 1245 461 1283 cumque
491 1232 654 1272 interim
685 1232 885 1284 quendam
915 1233 1037 1273 civem
1068 1232 1172 1272 idem
1197 1231 1388 1272 BIetellus
1417 1244 1576 1272 servum

295 1304 415 1332 suum
445 1303 526 1331 esse
557 1292 792 1331 contendens
823 1292 863 1331 vi
894 1291 1133 1342 arripuisset
1160 1303 1207 1330 ac
1232 1289 1455 1331 verberibus
1479 1289 1576 1341 affe·
1595 1304 1630 1328 ρο

296 1350 421 1402 cisset,
447 1348 570 1390 Curio
589 1352 824 1390 assertorem
849 1350 885 1390 ei
909 1349 1168 1401 comparavit.
1212 1347 1323 1389 Dein
1343 1362 1432 1389 cum
1452 1362 1576 1401 appa-

296 1411 399 1449 reret
434 1421 524 1449 eum
559 1408 712 1449 exitum
749 1408 892 1449 iudicii
929 1408 1040 1449 illius
1075 1408 1283 1460 futurum,
1323 1411 1370 1448 ut
1407 1407 1505 1449 liber
1541 1409 1577 1449 is

295 1467 561 1516 iudicaretur,
609 1480 725 1519 quem
767 1467 957 1508 Metellus
999 1466 1223 1508 verberibus
1265 1465 1455 1516 affectum
1496 1479 1577 1508 esse

295 1539 440 1579 neqare
470 1539 552 1566 non
575 1529 747 1578 poterat,
779 1526 883 1566 inter
912 1526 1123 1567 Metellum
1153 1528 1190 1566 et
1219 1523 1436 1567 Curionem
1463 1525 1577 1577 facta

289 1585 426 1638 pactio
457 1588 524 1638 est,
554 1588 600 1625 ut
628 1598 753 1637 neque
783 1585 1001 1626 arbitrium
1032 1585 1079 1626 cle
1108 1584 1287 1625 libertate
1304 1587 1575 1638 perayeretur,
1595 1598 1628 1622 25

295 1644 443 1685 rediret
468 1647 602 1685 tamen
626 1644 693 1685 ille
718 1644 762 1684 in
789 1644 1020 1694 libertatem,
1048 1644 1095 1684 de
1118 1657 1195 1696 quo
1220 1643 1423 1697 ayebatur,
1453 1656 1577 1696 neque

296 1703 484 1744 Metellus
500 1706 700 1755 perstaret
726 1703 769 1743 in
793 1703 1042 1744 accusatione
1061 1702 1273 1751 Curionis;
1299 1716 1421 1755 eaque
1440 1703 1575 1755 pactio

296 1762 346 1803 ab
376 1765 542 1814 utroque
571 1764 729 1803 servata
760 1765 826 1803 est.
877 1762 974 1803 Huc
1003 1775 1092 1815 erqo
1123 1761 1229 1803 illuol
1249 1762 1441 1814 pertinet,
1472 1762 1578 1814 quod

297 1821 356 1862 bis
394 1834 484 1862 eum
521 1821 677 1862 iurasse
713 1821 826 1874 (licit,
870 1821 988 1862 semel
1018 1820 1217 1873 privatim
1257 1821 1369 1872 apucl
1401 1823 1574 1873 patrem,

296 1881 442 1921 iterum
474 1880 563 1933 leye,
595 1883 680 1920 tum
710 1880 867 1933 scilicet,
897 1893 988 1921 cum
1012 1881 1058 1921 in
1084 1878 1301 1921 Curionem
1326 1879 1576 1920 calumniam
1594 1892 1628 1917 30

295 1940 458 1980 iuravit.
514 1938 615 1980 Cum
647 1938 718 1980 hoc
747 1942 879 1980 autem
910 1939 1073 1980 Metello
1096 1941 1237 1991 postea
1268 1936 1404 1979 Cicero
1434 1938 1574 1979 simul-

297 2000 396 2039 tates
434 1999 577 2051 qessit;
622 1998 748 2039 evasit
787 1998 895 2039 enim
934 1997 1122 2039 Metellus
1164 1997 1298 2038 malus
1340 2000 1458 2049 atque
1499 1997 1574 2038 im-

293 2057 442 2109 probus
472 2057 579 2098 civis.

327 2115 363 2156 5.
404 2115 571 2167 Quintil.
609 2116 639 2156 Ι
645 2115 685 2157 V
714 2119 752 2157 4.
790 2119 817 2158 8
859 2116 938 2157 Est
977 2140 1026 2145 —
1066 2115 1288 2168 propositio
1325 2139 1381 2143 —
1418 2114 1576 2156 ratione

239 2174 422 2227 subiecta,
453 2178 519 2215 ut:
551 2174 823 2216 Maiestatem
855 2175 1009 2215 minuit
1035 2173 1079 2216 O.
1106 2172 1347 2227 Cornelius3
1379 2188 1477 2214 nam
1511 2187 1574 2214 eo—
1594 2183 1628 2210 35

239 2232 374 2275 dicem
399 2232 597 2274 tribunus
623 2234 680 2288 pl.
706 2234 797 2288 ipse
823 2249 900 2289 pro
927 2234 1123 2276 contione
1150 2233 1267 2288 legit.
1291 2257 1347 2262 —-
1367 2233 1449 2273 Iul.
1478 2232 1574 2274 Vict.

239 2296 291 2334 13
317 2306 360 2345 p.
381 2295 474 2334 417.
500 2296 555 2334 17
579 2293 722 2334 Halm.
755 2318 812 2323 —
846 2293 981 2345 Quint.
1015 2293 1135 2335 V13.
1161 2296 1216 2334 18
1250 2292 1381 2333 Testes
1411 2292 1457 2332 in
1482 2290 1575 2333 Cor-

1664 2326 1673 2505 4
