1673 2505
190 69 274 111 268
707 67 1007 102 FRAGMENTA

191 177 304 231 quod
341 191 436 218 cum
474 175 643 229 saepius
682 189 830 230 ageres
870 177 911 215 et
948 174 1237 228 impudentius
1278 189 1302 214 a
1333 187 1401 214 me
1431 187 1528 214 con-

190 236 398 288 tenderes⁷
430 233 664 275 meministi
694 248 761 273 me
792 232 873 273 tibi
905 232 1161 286 respondere
1192 232 1460 286 impudenter
1485 233 1527 271 te

190 294 342 347 facere,
375 293 447 347 qui
478 292 521 333 id
553 307 577 332 a
609 305 676 332 me
707 293 887 345 petereS‚
919 291 1032 344 quod
1064 306 1089 332 a
1119 293 1162 332 te
1191 289 1378 332 Boculus
1410 304 1529 330 num-

193 367 321 406 quam
352 350 658 404 impetrasset?

339 409 538 450 Diximus
568 409 654 448 iarn
678 421 807 460 snpra
831 406 972 449 Sullae
1000 407 1119 460 ludis,
1149 420 1248 459 quos
1277 407 1341 448 liic
1365 409 1531 460 propter
1567 417 1582 442 5

250 469 460 509 victoriam
482 467 629 519 fecerit,
660 467 882 518 quadfflgyas
907 465 949 507 C.
969 465 1199 506 Antoniam
1223 469 1260 506 et
1283 466 1387 506 alios
1417 477 1531 517 quos-

251 528 347 568 claon
376 525 527 566 nobiles
557 524 736 565 homines
761 526 945 577 ayitasse.
994 523 1212 565 Praeterea
1238 524 1445 564 Antonius
1470 536 1530 564 re-

251 586 432 636 demptas
457 583 625 624 habebat
654 583 704 624 ab
730 583 890 623 aerario
914 583 1121 635 vectiyales
1145 583 1377 634 quadrimis,
1408 595 1532 634 quarn

250 642 560 695 redemptionem
578 642 757 683 senatori
775 640 916 682 habere
937 641 1025 682 licet
1029 655 1106 693 per
1126 641 1257 693 leyem.
1282 640 1387 681 Fuit
1398 643 1532 680 antem

251 702 488 743 notissimas
517 700 563 741 in
594 701 697 741 circo
728 700 1023 752 quadrigarum
1054 700 1231 752 ayitator
1264 699 1455 740 Boculus.
1553 710 1586 735 10

340 759 459 801 Dicit
487 759 534 800 cle
564 759 687 799 malis
718 758 891 799 civibus:

282 819 350 860 27.
383 816 463 865 Qui
494 818 778 871 posteaquam
808 816 898 869 illo,
929 830 1006 868 qno
1037 815 1180 858 conati
1213 817 1346 868 erant,
1377 814 1533 869 Hispa-

193 877 331 918 niensi
363 875 624 931 pugiunculo
656 889 810 915 nervos
841 874 1026 915 incidere
1059 874 1215 916 civium
1242 874 1534 915 Romanorum

193 951 279 977 non
316 936 566 989 potuerunt,
612 933 714 974 duas
759 947 843 974 uno
884 935 1078 987 tempore
1116 935 1325 974 conantur
1362 931 1407 972 in
1443 946 1533 972 rem

194 993 411 1049 publicam
446 992 554 1033 sicas
587 991 864 1046 destringere.
1555 1003 1586 1028 15

342 1050 688 1105 ‘Hispaniensem
707 1049 1032 1105 pugiunculum’
1050 1048 1121 1091 Cn.
1136 1049 1327 1091 Pisonem
1346 1049 1535 1102 appellat,

252 1124 368 1164 quern
388 1111 433 1151 in
452 1110 666 1161 Hispania
685 1109 857 1150 occisnrn
882 1122 962 1150 esse
986 1109 1086 1150 elixi.
1126 1107 1258 1149 ‘Duas
1280 1108 1404 1150 sicas'
1427 1107 1534 1149 Cati-

255 1171 384 1211 linarn
415 1172 452 1210 et
482 1168 711 1209 Antoniani
741 1167 943 1220 appellari
973 1167 1237 1219 manifestam
1268 1171 1334 1208 est.

283 1229 351 1269 28.
388 1226 514 1268 Hunc
552 1240 628 1267 vos
674 1225 826 1267 scitote
863 1225 1073 1267 Licinium
1119 1225 1404 1280 gladiatorem
1447 1224 1535 1265 iam

194 1286 424 1328 immisisse
463 1284 661 1338 lapillum
700 1283 911 1325 Catilinae
942 1283 973 1337 ’ἷ-
1008 1284 1132 1325 iudic.
1171 1291 1255 1337 qua
1287 1283 1334 1332 Q.
1372 1298 1423 1325 ue
1457 1282 1535 1324 Cu·
1554 1295 1588 1320 20

195 1345 306 1386 rium
338 1343 554 1385 hominem
589 1342 894 1397 quaestorium.

343 1402 495 1444 Curius
537 1401 602 1442 liic
643 1402 880 1442 notissimus
913 1401 999 1452 fnit
1039 1401 1193 1442 aleator
1241 1402 1537 1453 damnatusque

249 1464 389 1515 postea
419 1463 485 1502 est.
525 1459 582 1500 In
612 1459 718 1500 linnc
749 1463 806 1500 est
834 1459 1186 1512 liendecasyllabns
1206 1458 1322 1501 Calvi
1353 1460 1534 1512 eleyans:

511 1517 570 1559 Et
601 1518 714 1559 talos
747 1517 900 1559 Curius
933 1518 1213 1572 pereruditus

343 1578 457 1618 Huic
499 1577 678 1618 orationi
716 1575 918 1618 Ciceronis
957 1579 994 1617 et
1029 1576 1212 1618 Catilina
1254 1579 1292 1618 et
1326 1576 1535 1618 Antonius
1554 1587 1588 1613 25

254 1636 533 1678 contumeliose
568 1636 875 1688 responderant,
919 1635 1027 1687 qnod
1065 1635 1195 1676 solinn
1225 1637 1430 1688 poterant,
1471 1636 1534 1676 in-

253 1696 350 1736 vecti
386 1695 432 1736 in
467 1694 685 1736 novitatem
721 1695 816 1736 eius.
883 1694 1094 1735 Feruntur
1137 1707 1290 1746 quoqne
1333 1694 1534 1735 orationes

253 1754 416 1795 nominc
452 1753 617 1794 illoram
654 1753 781 1794 editae
817 1766 900 1794 non
936 1752 986 1793 ab
1023 1753 1124 1805 ipsis
1159 1754 1346 1805 scriptae,
1382 1753 1452 1794 sed
1485 1752 1536 1793 ab

255 1811 457 1853 Ciceronis
482 1811 819 1864 obtrectatoribus,
844 1824 946 1863 quas
964 1812 1094 1852 nescio
1113 1825 1168 1852 an
1193 1812 1323 1852 satius
1347 1811 1402 1852 sit
1425 1811 1535 1863 iyno-

254 1884 357 1911 rare.
408 1868 591 1912 Ceterinn
623 1869 759 1912 Cicero
791 1870 929 1911 consul
960 1870 1144 1911 oninium
1179 1882 1372 1911 consensa
1400 1870 1535 1921 factus
1554 1880 1588 1906 30

254 1932 331 1977 cst;
370 1930 578 1970 Antonias
607 1928 799 1982 pauculis
836 1928 1029 1969 centuriis
1061 1927 1286 1970 Catilinam
1318 1928 1534 1980 superavit,

254 2001 345 2028 cnm
376 1988 412 2028 ei
440 1991 609 2040 propter
637 1988 776 2040 patris
811 2000 957 2028 nomen
986 1987 1116 2039 paulo
1147 1987 1358 2040 speciosior
1387 1999 1536 2028 manns

254 2045 485 2099 snffrayata
516 2049 613 2088 esset
641 2059 765 2099 quain
797 2044 1012 2087 Catilinae.
