1673 2505
372 56 650 92 POEMATUM.
676 56 721 91 H.
747 56 795 91 iv
822 67 844 90 a
869 69 901 91 v.
929 61 996 93 467
1013 79 1032 82 -
1048 61 1127 93 538.
1337 60 1422 101 375

86 165 342 220 Inponitque
374 164 502 218 pedes
535 163 723 218 duplices
755 163 920 218 Equus3
953 166 996 205 et
1027 164 1154 206 simul
1187 166 1292 207 Ales

87 223 212 265 Ponit
244 222 335 264 avis
367 225 495 277 caput
527 225 570 263 et
601 223 761 264 clinato
794 237 970 277 corpore
1002 225 1174 277 tergum
1354 236 1421 266 505

20 289 72 326 60
88 281 381 337 Anguitenens
413 281 570 322 umeris
604 281 826 335 conititur3
858 281 936 322 illa
966 282 1165 323 recedens

87 340 294 381 Austrum
326 339 600 393 consequitur
632 340 826 380 devitans
858 354 1035 394 corpore
1066 339 1215 396 Virgo.

86 398 146 439 At
178 412 276 439 vero
310 400 451 439 totum
484 398 672 452 spatium
703 399 941 440 convestiet
973 398 1089 440 orbis

84 456 267 512 Magnus
298 456 384 498 Leo
418 459 460 498 et
490 457 606 498 claro
639 457 864 498 conlucens
896 457 1056 498 lumine
1089 456 1268 511 Cancer,

84 514 134 556 In
166 529 250 569 quo
282 515 520 556 consistens
553 515 764 556 convertit
796 516 1053 557 curriculum
1086 515 1159 558 Sol
1355 527 1422 558 510

18 579 67 618 65
86 573 288 614 Aestivus
321 574 459 615 medio
493 574 761 629 distinguens
794 589 971 629 corpore
1003 589 1163 616 cursus.

84 631 166 673 Hic
196 634 315 673 totus
348 632 511 673 medius
543 632 654 674 circo
689 633 967 688 disiungitur,
998 633 1080 675 iste

83 690 334 732 Pectoribus
367 691 520 732 validis
553 693 682 745 atque
715 692 812 732 alvo
844 692 1036 746 possidet
1068 692 1228 734 orbem.

83 748 208 790 Hunc
240 752 336 791 octo
368 750 412 790 in
443 752 589 804 partes
622 750 804 791 divisum
835 765 1010 792 noscere
1042 751 1201 792 circum

84 807 129 848 Si
159 810 300 862 potes,
332 808 523 850 invenies
555 823 709 864 supero
742 809 982 850 convertier
1013 810 1115 851 orbe
1355 820 1422 851 515

17 871 69 909 70
85 866 279 920 Quinque
310 867 405 922 pari
436 867 596 921 spatio,
626 867 763 922 partis
795 868 874 908 tris
908 881 999 909 esse
1031 868 1222 922 relictas,

84 925 294 980 Tempore
324 928 534 967 nocturno
568 941 673 980 quas
706 927 769 967 vis
802 926 968 967 inferna
999 926 1257 981 frequentat.

84 1017 1218 1027 ·················

83 1075 1220 1086 ·················

82 1101 209 1143 Alter
240 1102 294 1143 ab
326 1101 503 1143 infernis
532 1102 686 1143 Austri
717 1103 981 1143 convertitur
1014 1103 1140 1144 auris.

141 1159 416 1201 Distribuens
454 1160 641 1202 medium
680 1161 827 1201 subter
866 1163 982 1202 secat
1011 1161 1080 1202 hjc
1114 1160 1422 1216 Capricornum

84 1219 228 1273 Atque
260 1219 388 1273 pedes
422 1219 610 1275 gelidum
642 1219 782 1261 rivum
811 1219 1029 1260 fundentis
1061 1219 1228 1274 Aquari
1357 1233 1423 1264 520

17 1283 66 1319 75
85 1276 420 1332 Caeruleamque
452 1278 568 1319 ferae
600 1278 778 1320 caudam
809 1277 1005 1319 Pistricis
1038 1281 1080 1319 et
1111 1279 1236 1321 illum

83 1336 117 1377 F
120 1336 340 1392 ulgentem
360 1336 580 1391 Leporem,
600 1337 697 1378 inde
716 1337 844 1391 pedes
865 1336 993 1379 Canis
1021 1340 1063 1378 et
1085 1338 1214 1380 simul
1235 1340 1420 1394 amplam

84 1395 335 1450 Argolicam
367 1396 525 1436 retinet
556 1396 672 1437 claro
705 1411 800 1437 cum
831 1396 991 1437 lumine
1023 1395 1190 1438 Navem

84 1454 309 1509 Tergaque
341 1453 545 1496 Centauri
577 1457 704 1508 atque
735 1454 876 1509 Nepai
906 1457 1054 1509 portat
1085 1470 1280 1512 acumen,

84 1512 187 1554 Inde
220 1511 429 1568 Sagittari
462 1513 669 1554 deflexum
700 1514 892 1568 possidet
924 1528 1081 1556 arcum.
1355 1527 1424 1559 525

14 1576 69 1614 80
84 1571 209 1613 Hunc
241 1587 266 1613 a
298 1572 522 1613 clarisonis
555 1572 670 1613 auris
702 1572 931 1626 Aquilonis
964 1572 1018 1613 ad
1049 1572 1260 1616 Austrum

84 1630 246 1672 Cedens
278 1633 543 1685 postremum
576 1631 719 1686 tangit
750 1633 847 1672 rota
877 1631 1043 1673 fervida
1075 1630 1204 1687 Solis,

83 1689 247 1731 Exinde
278 1689 324 1730 in
356 1704 531 1744 superas
564 1690 751 1731 brumali
782 1692 975 1744 tempore
1008 1691 1141 1732 flexus

83 1746 136 1789 Se
169 1748 322 1803 recipit
355 1749 492 1802 sedes3
524 1748 622 1790 huic
655 1749 747 1790 orbi
781 1749 967 1803 quinque
999 1749 1188 1791 tributae

82 1807 330 1849 Nocturnae
361 1810 526 1862 partes,
559 1822 714 1862 supera
744 1810 832 1849 tres
865 1808 957 1849 luce
990 1808 1197 1851 dicantur.
1357 1821 1424 1852 530

43 1870 66 1908 5
141 1865 282 1907 Hosce
314 1866 427 1907 inter
459 1866 644 1907 mediam
674 1869 842 1921 partem
874 1866 1058 1909 retinere
1090 1868 1260 1909 videtur

83 1924 265 1977 Tantus,
298 1928 483 1979 quantus
517 1925 617 1978 erit,
648 1926 874 1967 conlucens
905 1925 1123 1968 Lacteus
1157 1927 1314 1981 orbis,

81 1983 133 2024 In
165 1998 248 2038 quo
282 1984 522 2025 autumnali
554 1987 682 2038 atque
714 1984 870 2025 iterum
904 1985 969 2026 sol
1002 1985 1162 2027 lumine
1193 2000 1324 2028 verno

81 2042 307 2097 Exaequat
339 2043 528 2098 spatium
560 2043 666 2084 lucis
699 2058 793 2085 cum
825 2046 1019 2098 tempore
1049 2045 1200 2087 noctiS.

82 2100 208 2143 Hunc
238 2102 428 2143 retinens
461 2102 587 2143 Aries
621 2102 816 2144 sublucet
848 2117 1025 2157 corpore
1057 2106 1192 2157 totus,
1356 2115 1423 2147 535

15 2165 68 2202 90
82 2160 227 2214 Atque
260 2175 371 2216 genu
402 2161 511 2202 flexo
544 2161 710 2202 Taurus
743 2161 947 2203 conititur
977 2162 1148 2217 ingens,

82 2218 216 2260 Orion
247 2220 363 2261 claro
396 2220 650 2274 contingens
684 2235 860 2275 corpore
891 2219 1045 2275 fertur,

82 2277 232 2333 Hydra
263 2280 381 2320 tenet
412 2280 540 2334 flexu,
573 2278 751 2321 Cratera
784 2281 826 2319 et
858 2277 1020 2321 Corvus
1054 2280 1277 2335 adhaeret,
