1673 2505
132 199 176 230 40

134 960 173 988 41

139 1932 190 1971 12

135 1982 177 2012 42

134 2307 176 2338 43

203 79 288 120 226
768 76 979 112 TiMAEUS

204 185 381 235 Quando
419 186 555 242 igitur
592 200 758 239 omnes,
798 187 840 226 et
877 185 950 239 qui
981 187 1208 226 moventur
1238 185 1469 240 palamque
1502 200 1547 227 se

204 245 447 298 ostendunt,
480 247 522 286 et
555 244 627 298 qui
660 246 834 285 eatenus
866 243 991 284 nobis
1025 243 1316 298 declarantur,
1349 259 1433 309 qua
1462 243 1547 298 ipsi

203 304 372 357 volunt,
410 303 543 345 creati
575 304 694 355 sunt,
733 304 825 343 tum
864 302 917 343 ad
956 315 1027 342 eos
1063 301 1100 342 is
1140 302 1260 356 deus,
1299 302 1372 357 qui
1404 302 1548 344 omnia

204 362 370 418 genuit,
402 362 537 403 fatui:
578 360 710 402 ‘Haec
740 374 835 414 VOS,
875 359 948 414 qui
980 360 1154 401 deorum
1186 363 1283 402 satu
1315 360 1401 402 orti
1432 361 1547 414 estis,

204 421 432 462 attendite:
460 434 640 474 quorum
669 434 845 473 operum
872 432 952 473 ego
979 432 1133 473 parens
1161 419 1417 474 effectorque
1441 434 1547 473 sum,
1584 433 1600 458 5

203 480 307 521 haec
335 481 435 520 sunt
464 478 721 519 indissoluta
748 492 815 519 me
841 477 995 531 invit03
1029 491 1286 532 quamquam
1313 492 1437 519 omne
1465 478 1548 519 col-

204 539 388 593 ligatum
444 536 556 578 solvi
604 539 768 591 potest,
824 536 898 577 sed
946 536 1278 590 haudquaquam
1328 536 1431 578 boni
1482 538 1548 577 est

203 597 370 638 ratione
409 595 600 637 vinctum
637 595 748 636 velle
788 595 1030 636 dissolvere.
1093 593 1175 635 Sed
1207 595 1409 649 quoniam
1442 595 1546 636 estis

204 655 301 709 orti,
333 654 586 696 inmortales
617 668 694 696 vos
727 653 897 707 quidem
930 667 1022 694 esse
1048 655 1091 694 et
1115 653 1435 695 indissolubiles
1460 668 1548 694 non

203 713 405 768 potestis,
448 712 699 767 neutiquam
743 715 889 753 tamen
932 711 1244 765 dissolvemini,
1289 726 1426 766 neque
1469 726 1545 753 vos
1569 726 1602 750 10

203 773 294 813 ulla
332 771 485 812 mortis
522 771 615 812 fata
651 771 864 826 periment
900 785 978 812 nec
1015 770 1134 812 fraus
1172 770 1387 812 valentior
1420 785 1547 824 quam

203 830 430 872 consilium
462 844 622 884 meum,
655 830 768 884 quod
800 829 937 870 maius
970 832 1036 871 est
1067 829 1285 871 vinculum
1317 829 1370 870 ad
1401 844 1548 884 perpe-

203 890 404 930 tuitatem
444 891 633 930 vestram
673 903 801 943 quam
838 888 932 941 illa,
972 888 1125 942 quibus
1165 888 1268 929 estis
1300 890 1411 941 tum,
1453 903 1548 929 cum

206 948 519 1003 gignebamini,
557 947 778 1002 conligati.
841 946 951 995 Quid
983 947 1166 988 sentiam
1203 946 1356 1002 igitur,
1394 960 1548 1001 cogno-

205 1008 327 1048 scite:
360 1006 462 1047 Tria
488 1020 646 1061 genera
670 1006 794 1047 nobis
821 1005 986 1059 reliqua
1019 1008 1135 1059 sunt,
1169 1020 1301 1059 eaque
1328 1005 1548 1059 mortalia3
1570 1018 1602 1043 15

205 1066 359 1119 quibus
391 1065 708 1119 praetermissis
741 1064 849 1106 caeli
882 1064 1096 1106 absolutio
1129 1064 1320 1118 perfecta
1343 1079 1430 1105 non
1457 1064 1550 1105 erit.

204 1124 360 1165 Omnia
392 1123 504 1165 enim
538 1138 694 1179 genera
727 1123 978 1164 animalium
1005 1123 1230 1177 complexu
1255 1137 1342 1164 non
1367 1123 1549 1175 tenebit3

203 1185 350 1224 teneat
389 1184 533 1223 autem
572 1182 807 1237 oportebit,
845 1184 893 1223 ut
932 1196 981 1222 ex
1020 1181 1166 1223 eodem
1203 1196 1256 1222 ne
1290 1181 1391 1235 quid
1423 1181 1548 1222 absit.

205 1240 321 1289 Quae
355 1256 379 1282 a
411 1256 478 1282 me
510 1241 604 1295 ipso
639 1241 789 1282 effecta
819 1242 856 1282 εἰ
888 1240 986 1294 sint,
1019 1240 1194 1281 deorum
1219 1240 1355 1281 vitam
1380 1240 1550 1294 possint

205 1300 455 1353 adaequare.
516 1299 578 1340 Ut
609 1299 744 1353 igitur
776 1299 951 1340 mortali
989 1298 1235 1340 condicione
1280 1301 1548 1354 generentur,
1569 1311 1602 1336 20

204 1373 281 1399 vos
310 1358 524 1412 suscipite,
551 1361 599 1398 ut
623 1358 702 1398 illa
728 1357 920 1413 gignatis
946 1357 1259 1411 imiteminique
1284 1357 1370 1398 vim
1397 1371 1549 1411 meam,

205 1432 289 1471 qua
335 1431 401 1457 me
444 1417 490 1457 in
533 1419 678 1458 vestro
723 1419 820 1457 ortu
866 1430 988 1457 usum
1033 1430 1125 1457 esse
1170 1415 1438 1457 meministis.
1498 1415 1550 1456 In

205 1476 359 1529 quibus
393 1475 466 1529 qui
497 1476 607 1516 tales
641 1475 917 1529 creabuntur,
954 1477 1003 1516 ut
1041 1475 1215 1516 deorum
1253 1474 1548 1516 inmortalium

205 1534 328 1588 quasi
361 1534 544 1589 gentiles
576 1548 666 1575 esse
694 1534 887 1587 debeant,
921 1533 1054 1575 divini
1081 1533 1249 1588 generis
1276 1534 1549 1588 appellentur

204 1595 464 1647 teneantque
497 1593 687 1634 omnium
715 1592 998 1634 animantium
1024 1592 1315 1647 principatum
1340 1592 1547 1646 vobisque
1568 1603 1602 1629 25

204 1652 294 1693 iure
328 1654 370 1693 et
402 1653 497 1707 lege
529 1652 724 1693 volentes
763 1653 962 1706 pareant3
1004 1665 1185 1705 quorum
1222 1650 1346 1693 vobis
1377 1650 1548 1692 initium

206 1712 409 1764 satusque
441 1710 638 1752 tradetur
671 1725 695 1752 a
727 1725 812 1764 me,
850 1724 928 1752 vos
962 1713 1106 1751 autem
1139 1709 1192 1750 ad
1223 1709 1283 1762 id,
1322 1709 1435 1764 quod
1466 1711 1549 1751 erit

204 1769 452 1823 inmortale,
490 1772 658 1824 partem
698 1769 924 1811 attexitote
958 1769 1196 1810 mortalem.
1257 1767 1327 1809 Ita
1359 1768 1549 1809 orientur

205 1828 465 1881 animantes,
503 1842 610 1883 quos
649 1829 691 1869 et
728 1827 850 1869 vivos
889 1828 1017 1869 alatis
1057 1830 1100 1868 et
1137 1829 1414 1881 consumptos
1453 1827 1549 1868 sinu

204 1886 453 1940 recipiatis.'
1564 1897 1601 1922 30

293 1945 412 1986 Haec
448 1945 522 1986 ille
562 1945 681 1987 dixit.
742 1945 905 1986 Deinde
945 1945 999 1986 ad
1036 1944 1392 2000 temperationem
1429 1958 1549 1999 supe-

204 2004 361 2045 riorem
395 2004 591 2058 revertit3
622 2004 664 2045 in
701 2018 785 2058 qua
817 2018 987 2045 omnem
1013 2003 1203 2045 animuin
1228 2002 1452 2044 universae
1476 2017 1549 2044 na-

203 2065 325 2104 turae
346 2065 592 2117 temperans
613 2063 901 2118 permiscebat
915 2062 1231 2117 superiorisque
1251 2061 1548 2116 permixtionis

203 2121 408 2175 reliquias
447 2122 629 2163 fundens
669 2122 883 2176 aequabat
921 2121 1068 2163 eodem
1107 2120 1234 2162 modo
1271 2120 1422 2175 ferme,
1464 2120 1550 2161 nisi

205 2180 318 2234 quod
355 2195 442 2221 non
478 2181 541 2221 ita
578 2181 844 2235 incorrupta,
882 2183 931 2221 ut
969 2195 1035 2235 ea,
1074 2194 1182 2234 quae
1220 2194 1387 2234 semper
1424 2178 1548 2233 idem,
1569 2189 1602 2215 35

205 2238 278 2279 sed
317 2239 370 2280 ab
409 2239 461 2280 iis
502 2239 732 2280 secundum
778 2239 976 2280 sumebat
1020 2240 1148 2292 atque
1186 2238 1317 2279 etiam
1361 2237 1549 2278 tertium.

204 2296 314 2339 Toto
347 2297 482 2352 igitur
509 2298 625 2339 omni
651 2298 888 2340 constituto
916 2297 1125 2339 sideribus
1150 2311 1299 2353 parem
1324 2311 1550 2338 numerum
