1663 2490
101 938 140 968 19

168 60 194 101 8
697 58 761 93 DE
788 59 986 94 omens

168 166 364 222 agitatio.
431 166 490 208 Iis
535 167 648 209 enim
691 167 837 220 rebus,
880 181 988 221 quae
1030 170 1274 210 tractantur
1316 169 1361 210 in
1403 169 1505 223 vita,

167 225 341 267 modum
380 225 591 280 quendam
629 227 672 266 et
709 225 900 266 ordinem
939 225 1190 268 adhibentes
1234 226 1506 269 honestatem

169 287 212 325 et
243 284 368 326 decus
401 284 763 326 conservabimus.

255 342 322 384 Ex
348 345 553 397 quattuor
580 345 723 384 autem
748 342 867 395 locis,
897 342 943 383 in
968 357 1074 397 quos
1103 343 1276 385 honesti
1305 346 1506 385 naturam

167 401 339 455 vimque
371 401 610 455 divisimus,
642 401 805 455 primus
836 400 930 454 ille,
962 402 1035 455 qui
1065 401 1110 443 in
1140 401 1231 443 veri
1262 401 1507 458 cognitione

167 460 378 514 consistit,
409 460 593 501 maxime
623 462 823 500 naturam
849 460 1030 515 attingit
1053 460 1299 502 humanam.
1349 459 1507 502 Omnes

167 518 280 560 enim
311 518 525 560 trahimur
557 520 599 559 et
632 517 823 559 ducimur
855 518 908 559 ad
940 518 1196 573 cognitionis
1229 521 1273 561 et
1303 518 1507 561 scientiae

167 577 460 632 cupiditatem,
491 577 535 617 in
567 591 651 630 qua
683 576 888 618 excellere
913 577 1141 632 pulchrum
1171 580 1386 633 putamus,
1417 578 1507 619 labi

168 638 324 690 autem,
355 649 510 690 errare,
541 635 716 689 nescire,
749 634 885 690 decipi
917 638 959 676 et
990 636 1152 677 malum
1178 639 1221 677 et
1245 639 1370 691 turpe
1397 636 1507 678 duci-

167 709 274 736 mus.
323 693 374 735 In
404 694 485 735 hoc
517 707 671 749 genere
704 696 747 734 et
776 693 966 735 naturali
998 697 1040 735 et
1071 694 1253 736 honesto
1286 694 1368 736 duo
1400 695 1507 737 vitia

167 752 344 794 vitanda
375 755 493 806 sunt,
525 767 670 806 unum,
701 766 753 793 ne
784 752 1006 808 incognita
1037 767 1115 808 pro
1142 753 1326 808 cognitis
1351 753 1507 795 habea—

167 826 261 853 mus
293 811 430 865 iisque
461 813 621 852 temere
654 811 958 865 assentiamur3
990 811 1104 865 quod
1134 811 1289 852 vitium
1321 812 1506 868 effugere

167 870 241 924 qui
277 868 395 911 volet
432 867 598 924 (omnes
637 872 780 911 autem
816 869 927 911 velle
966 869 1158 925 debent),
1197 870 1420 912 adhibebit
1455 871 1508 912 ad

168 928 497 971 considerandas
528 943 596 970 res
629 931 672 970 et
703 931 872 994 tempus
904 931 947 970 et
978 928 1258 984 diligentiam.
1306 928 1507 971 Alterum

166 990 234 1029 est
263 987 429 1041 vitium,
462 987 575 1041 quod
601 987 773 1042 quidam
797 987 927 1028 nimis
953 1001 1158 1043 magnum
1185 987 1373 1029 studium
1400 989 1506 1030 mul-

165 1049 340 1101 tamque
373 1061 548 1101 operam
578 1046 624 1087 in
654 1060 722 1087 res
761 1046 964 1088 obscuras
1003 1049 1131 1101 atque
1170 1046 1366 1088 difficiles
1411 1062 1506 1089 con-

165 1105 310 1146 ferunt
347 1105 600 1170 easdemque
637 1119 724 1146 non
757 1105 1030 1146 necessarias.
1092 1104 1255 1153 Quibus
1287 1105 1404 1147 vitiis
1440 1106 1507 1147 de-

166 1163 336 1206 clinatis
375 1163 488 1218 quod
525 1163 570 1204 in
606 1164 734 1204 rebus
772 1163 964 1205 honestis
1003 1166 1046 1204 et
1083 1163 1329 1219 cognitione
1365 1164 1505 1220 dignis

167 1237 321 1278 operae
359 1236 568 1277 curaeque
605 1224 806 1276 ponetur,
848 1222 892 1263 id
935 1222 1025 1263 iure
1069 1223 1334 1276 laudabitur,
1377 1226 1425 1264 ut
1462 1223 1507 1265 in

167 1281 407 1336 astrologia
438 1279 484 1324 C.
516 1279 752 1335 Sulpicium
784 1280 1036 1334 audivimus,
1066 1281 1111 1322 in
1144 1282 1381 1336 geometria
1412 1280 1504 1323 SeX.

166 1339 449 1406 Pompeium
438 1340 522 1394 ipsi
542 1339 833 1395 cognovimus,
853 1339 1044 1381 multos
1033 1354 1078 1381 1n
1094 1339 1341 1394 dialecticis,
1360 1341 1504 1395 plures

166 1399 211 1440 in
242 1398 333 1440 iure
365 1398 501 1452 civili,
534 1412 641 1453 quae
668 1412 813 1439 omnes
841 1401 955 1440 artes
986 1398 1032 1439 in
1056 1398 1148 1440 veri
1171 1398 1505 1455 investigatione

166 1460 411 1510 versantur3
436 1457 554 1498 euius
584 1456 724 1498 studio
751 1472 776 1498 a
801 1457 928 1498 rebus
955 1456 1151 1512 gerendis
1178 1433 1358 1499 abducio
1354 1460 1505 1500 contra

168 1515 356 1558 officium
401 1518 477 1557 est.
537 1514 724 1556 Virtutis
769 1516 882 1556 enim
925 1516 1019 1557 laus
1064 1516 1202 1557 omnis
1245 1516 1290 1557 in
1337 1516 1504 1558 actione

167 1575 383 1628 consistit3
415 1582 556 1628 a·qua
586 1576 732 1615 tamen
762 1574 811 1615 fit
841 1574 1104 1616 intermissio
1137 1589 1263 1630 saepe
1295 1575 1504 1630 multique

168 1634 324 1675 dantur
356 1632 408 1674 ad
441 1633 583 1674 studia
613 1632 792 1687 reditus3
831 1635 925 1674 tum
963 1633 1146 1688 agitatio
1184 1634 1357 1688 mentis,
1396 1649 1504 1688 quae

166 1707 401 1747 numquam
428 1691 675 1746 adquiescit,
706 1694 851 1746 potest
875 1706 952 1734 nos
985 1692 1030 1733 in
1062 1692 1212 1733 studiis
1245 1693 1503 1748 cognitionis

169 1751 299 1792 etiam
326 1751 416 1792 sine
443 1765 573 1805 opera
597 1752 748 1792 nostra
772 1751 1000 1792 continere.
1051 1749 1199 1792 Omnis
1226 1753 1369 1793 autem
1392 1752 1503 1807 cogi-

168 1810 277 1851 tatio
298 1812 525 1864 motusque
546 1809 677 1850 animi
698 1811 771 1850 aut
790 1809 835 1850 in
854 1809 1043 1851 consiliis
1070 1809 1285 1864 capiendis
1306 1810 1356 1851 de
1376 1810 1503 1852 rebus

168 1868 361 1910 honestis
394 1870 436 1909 et
467 1867 781 1922 pertinentibus
814 1867 867 1909 ad
898 1868 1004 1909 bene
1037 1868 1243 1922 beateque
1275 1868 1503 1910 vivendum

170 1929 244 1968 aut
274 1927 320 1968 in
352 1926 505 1968 studiis
537 1926 739 1968 scientiae
770 1926 1111 1982 cognitionisque
1136 1927 1391 1969 versabitur.
1440 1928 1504 1970 Ac

171 1985 221 2027 de
252 1985 392 2040 primo
427 1985 596 2039 quidem
628 1985 758 2027 officii
788 1985 908 2027 fonte
940 1985 1134 2027 diximus.

257 2043 322 2085 De
353 2044 491 2085 tribus
525 2046 669 2085 autem
700 2044 876 2098 reliquis
908 2043 1116 2085 latissime
1147 2047 1268 2099 patet
1300 2060 1349 2086 ea
1380 2045 1504 2098 ratio,

171 2118 255 2158 qua
286 2103 468 2145 societas
499 2103 721 2144 hominum
752 2102 864 2144 inter
894 2102 1011 2157 ipsos
1038 2105 1081 2143 et
1105 2102 1219 2144 vitae
1246 2104 1369 2158 quasi
1394 2118 1503 2146 com-

1528 708 1559 731 10

1528 1000 1558 1025 15

1525 1293 1559 1318 20

1524 1587 1557 1612 25

1524 1881 1557 1907 30
1618 1891 1655 1910 1.

171 2161 359 2203 munitas
386 2161 646 2215 continetur3
677 2161 795 2203 cuius
820 2164 964 2216 partes
991 2161 1114 2216 duae,
1145 2161 1323 2216 iustitia,
1351 2162 1396 2204 in
1421 2177 1504 2217 qua
1523 2174 1557 2200 35

170 2220 345 2262 virtutis
377 2222 443 2261 est
475 2220 676 2275 splendor
701 2219 923 2273 maximus,
955 2234 1004 2261 ex
1031 2235 1115 2274 qua
1139 2220 1221 2262 viri
1245 2221 1348 2262 boni
1372 2222 1505 2263 nomi-

170 2281 347 2330 nantur,
379 2281 423 2321 et
453 2278 552 2321 huic
583 2278 807 2321 coniuncta
837 2279 1134 2332 beneficentia,
1169 2294 1296 2333 quam
1329 2280 1503 2322 eandem
