1673 2505
214 131 299 172 324
729 133 1029 168 FRAGMENTA

302 240 368 282 91.
402 240 509 281 Non.
540 255 583 292 p.
615 244 707 281 313.
738 243 796 281 20
827 241 888 281 M.
922 240 1083 282 Tullius
1118 241 1165 281 in
1197 241 1438 282 Hortensio:
1479 256 1551 295 po-

213 297 375 339 nendae
408 301 508 339 sunt
538 299 644 339 fides
677 300 720 338 et
751 298 894 339 tibiae.

302 356 370 396 92.
403 357 510 397 Non.
535 370 578 408 p.
609 359 702 397 411.
733 359 793 397 27
822 357 884 397 M.
919 357 1079 397 Tullius
1111 357 1152 397 in
1186 357 1425 398 Hortensio:
1456 371 1552 397 eun-

215 414 309 454 dem
334 429 420 455 non
446 415 560 455 modo
589 414 792 455 mediocri
823 414 1013 468 pecunia,
1046 414 1119 455 sed
1151 415 1280 455 etiam
1311 415 1431 456 tenui
1461 429 1552 469 per-

214 472 352 526 cipere
383 486 624 526 possumus.

303 531 369 571 93.
409 531 516 571 Non.
546 545 590 583 p.
621 533 719 572 428.
756 533 787 572 2
823 531 884 571 Μ
921 531 1082 571 Tullius
1117 531 1163 571 in
1199 531 1441 573 Hortensio:
1481 532 1552 585 qui
1589 494 1605 509 -›

214 588 321 628 illud
344 588 488 630 neseio
516 588 629 643 quid,
655 589 767 642 quod
792 589 837 629 in
862 589 1123 643 primoribus
1147 588 1321 643 habent,
1346 591 1394 630 ut
1422 589 1553 643 aiunt,

214 646 359 687 labris.

303 705 371 745 94.
404 705 511 747 Non.
535 719 579 758 p.
610 709 704 747 399.
736 708 789 746 15
819 706 882 746 M.
917 705 1078 747 Tullius
1112 707 1154 746 in
1185 706 1427 747 Hortensio:
1466 721 1553 747 non

215 766 257 803 et
302 763 391 804 sine
436 778 486 804 ea
535 763 798 819 cogitatione
840 764 1036 804 ineundis
1081 763 1447 818 subducendisque
1492 779 1553 805 ra-

215 821 418 862 tionibus.

304 880 372 921 95.
405 881 623 934 Anynstin.
661 894 690 922 c.
723 880 879 922 Iulian.
912 881 1046 934 Pelay.
1078 880 1155 922 IV
1177 883 1240 923 15.
1275 885 1330 923 78
1363 882 1409 922 T.
1440 881 1486 922 Χ
1510 897 1554 934 p.

215 942 296 979 411
314 939 356 979 Α
381 938 485 980 Ben.
517 940 574 980 ed.
600 940 723 980 Antv.
749 942 860 980 1700
892 939 1051 991 Quanto
1082 943 1118 981 te
1147 940 1290 981 melius
1319 941 1556 992 veritatique

214 998 389 1039 vicinius
426 998 473 1039 de
502 997 712 1039 hominum
739 999 994 1050 yeneratione
1029 1002 1254 1048 senserunt,
1289 1011 1388 1050 qnos
1421 998 1554 1040 Cicero

214 1056 260 1096 in
292 1057 478 1098 extremis
508 1057 698 1108 partibus
729 1056 943 1098 Hortensii
980 1057 1131 1109 cliaiogyi
1161 1057 1268 1097 velut
1296 1058 1388 1109 ipsa
1417 1070 1554 1098 rerum

215 1115 413 1155 evidentia
443 1115 584 1156 duetus
621 1115 925 1167 compulsusque
954 1116 1259 1156 commemorat!
1320 1115 1434 1156 Nam
1465 1129 1555 1156 eum

215 1173 362 1226 multa,
399 1187 501 1225 qnae
530 1175 710 1214 videnws
740 1177 777 1214 et
801 1174 1017 1226 yemivws,
1054 1174 1101 1214 de
1137 1173 1347 1214 hominnm
1377 1174 1556 1215 vanitate

215 1235 334 1283 atque
364 1232 599 1283 infelicitate
630 1233 814 1284 dixisset,
845 1231 911 1272 Ex
950 1232 1103 1285 quibus
1141 1231 1372 1285 humanae,
1411 1233 1555 1284 inquit,

215 1290 330 1331 vitae
369 1290 586 1331 erroribus
625 1293 668 1331 et
705 1290 920 1331 aerumnis
958 1291 1025 1343 fit,
1063 1292 1111 1330 ut
1142 1290 1357 1331 interdum
1389 1293 1554 1331 veteres

217 1348 280 1388 illi
301 1348 389 1388 sive
409 1350 529 1389 vates
557 1348 646 1389 sive
671 1348 715 1389 in
742 1349 873 1389 saeris
900 1348 1119 1401 initiisque
1143 1348 1360 1389 tradendis
1387 1348 1554 1390 divinae
1575 1362 1588 1383 ⁴-¹

221 1406 373 1447 [nentis
405 1406 674 1461 interpretes,
707 1406 779 1460 qui
810 1421 888 1447 nos
918 1407 972 1447 ob
1000 1407 1144 1460 aliqua
1169 1407 1330 1448 seelera
1357 1409 1556 1461 suscepta

216 1465 262 1505 in
299 1465 390 1505 vita
429 1465 646 1519 superiore
684 1479 918 1518 poenarum
962 1465 1215 1506 luendarum
1258 1479 1386 1506 eausa
1428 1468 1554 1507 natos

217 1537 309 1564 esse
343 1523 552 1576 dixerunt,
585 1523 747 1577 aliquid
778 1523 935 1564 vidisse
967 1523 1204 1577 videantur,
1234 1538 1466 1578 verumque
1499 1524 1555 1565 sit

217 1581 341 1635 illud,
381 1581 493 1635 quod
526 1584 591 1622 est
624 1581 736 1636 apud
767 1581 1066 1635 Aristotelem,
1108 1582 1238 1622 simili
1269 1596 1346 1623 nos
1381 1582 1554 1624 affectos

218 1654 311 1681 esse
343 1639 553 1694 supplicio
587 1642 716 1694 atque
749 1654 833 1694 eos,
866 1640 939 1694 qui
971 1641 1202 1694 quondam,
1234 1655 1329 1681 eum
1360 1641 1404 1681 in
1435 1655 1554 1696 prae·
1575 1652 1589 1676 2

218 1698 376 1739 donum
406 1698 689 1739 Etruseorum
721 1713 872 1740 manus
904 1699 1169 1752 incidissent,
1205 1699 1457 1740 crudelitate
1489 1714 1554 1741 ex-

218 1757 410 1812 cogitata
441 1758 722 1811 necabantur3
764 1772 943 1811 quorum
978 1772 1158 1811 corpora
1189 1757 1288 1798 viva
1319 1772 1413 1799 eum
1446 1772 1556 1799 mor-

217 1816 302 1856 tuis
349 1815 528 1857 adversa
572 1816 761 1857 adversis
807 1816 1129 1857 accommodata
1166 1830 1295 1870 quam
1333 1815 1554 1870 aptissime

218 1874 555 1929 colligabantur3
590 1875 651 1916 sie
676 1877 848 1915 nostros
882 1875 1046 1915 animos
1078 1889 1173 1915 cum
1205 1875 1454 1928 corporibus
1488 1889 1555 1916 eo-

217 1933 389 1987 pulatos
416 1935 464 1973 ut
490 1933 611 1974 vivos
637 1948 732 1974 eum
760 1933 941 1973 mortuis
969 1947 1060 1974 esse
1087 1932 1346 1974 coniunctos.
1373 1956 1421 1962 —
1446 1932 1554 1974 Serv.

228 1992 338 2044 Vero.
365 1992 467 2032 Aen.
496 1991 618 2032 VIII
637 1995 722 2033 479
735 2005 791 2043 sq.
816 1991 1015 2033 Diximus
1039 1991 1280 2033 Maeoniam
1299 1992 1556 2043 provinciam

217 2063 320 2099 esse;
366 2051 481 2091 euius
519 2051 615 2091 dnm
652 2051 823 2091 brevitas
859 2051 958 2091 dnos
992 2050 1144 2101 fratres
1180 2050 1342 2102 Lydum
1379 2053 1417 2091 et
1453 2050 1556 2103 Tyr-

217 2108 387 2149 rhenum
416 2109 522 2160 ferre
551 2123 634 2150 non
657 2112 802 2161 posset,
834 2122 882 2150 ex
905 2112 1008 2150 sorte
1035 2108 1265 2159 Tyrrhenus
1290 2122 1380 2149 eum
1403 2109 1556 2161 inyenti

217 2167 477 2208 multitudine
494 2168 700 2219 profectus
720 2171 878 2220 partem
897 2167 1048 2208 Italiae
1074 2168 1201 2208 tenuit
1223 2171 1261 2207 et
1287 2166 1557 2219 Tyrrheniam

217 2226 452 2266 nominavit.
497 2226 561 2266 Hi
586 2227 658 2267 din
675 2227 900 2279 piraticam
919 2229 1186 2278 exercuerunt,
1212 2228 1258 2266 nt
1281 2227 1402 2266 etiam
1422 2225 1557 2267 Cicero

217 2285 262 2324 in
287 2284 508 2325 Hortensio
540 2285 658 2334 docet,
690 2298 780 2326 enon
811 2285 988 2337 captivos
1012 2285 1127 2325 novis
1149 2284 1294 2337 poenis
1321 2284 1559 2336 adfliyerent

218 2343 436 2384 occisorum
467 2356 530 2384 eos
560 2343 774 2396 relr'hqantes
805 2343 1076 2384 cadaveribus.
1103 2367 1158 2371 ——
1184 2342 1299 2383 Idem
1333 2342 1456 2383 VIII
1475 2344 1557 2383 435

1574 777 1608 800 10

1576 1068 1607 1093 15

1575 1943 1607 1968 30

1576 2235 1608 2260 35
