1663 2490
373 67 462 104 ΜΒ.
489 67 552 103 111.
603 67 704 103 CAP.
731 71 884 104 30-32.
933 71 954 111 ς
982 72 1176 104 109-114.
1346 68 1428 108 127

86 176 271 219 Romam
301 178 346 217 et
382 190 478 218 cum
515 175 655 231 primo
686 176 772 218 luci
802 174 1015 231 Pomponi
1051 174 1225 217 domum
1262 175 1430 216 venisse

88 235 252 277 dicitur.
313 232 394 276 Cui
424 248 521 276 611111
553 237 668 276 63361
704 234 969 288 111111113111111,
1008 234 1081 288 qui
1111 233 1238 275 illum
1269 233 1429 275 iratum

88 294 321 336 allaturum
359 292 413 334 ad
451 307 496 334 se
536 292 699 348 aliquid
737 296 888 335 contra
925 294 1094 348 patrem
1131 292 1431 345 arbitraretur,

88 351 272 394 surrexit
316 365 338 392 e
382 351 541 393 lectulo
588 352 852 406 remotisque
896 351 1072 393 arbitris
1114 351 1167 392 ad
1205 365 1250 392 se
1289 351 1430 392 adule-

52 413 277 453 secantem
308 410 435 451 iussit
465 410 620 452 venire.
665 411 726 451 At
756 411 847 465 ille,
883 413 932 452 ut
961 411 1182 466 ingressus
1214 412 1298 463 est,
1335 424 1430 451 con-

84 468 232 511 festim
264 468 457 524 gladium
489 469 718 510 destrinxit
753 469 996 524 iuravitque
1035 483 1080 510 se
1116 468 1241 509 illum
1279 468 1429 509 statim

85 527 431 582 interfecturum,
468 528 552 569 nisi
591 527 658 569 ius
690 528 917 570 iurandum
950 527 1033 569 sibi
1065 527 1252 569 dedisset
1283 541 1328 568 se
1359 542 1431 581 pa-

85 589 198 628 trem
229 586 410 628 missum
441 600 534 628 esse
564 586 792 628 facturum.
851 586 1018 628 Iuravit
1049 586 1131 628 1106
1168 589 1332 628 terrore
1364 599 1430 627 eo-

87 647 207 687 actus
232 644 514 701 Pomponius3
546 659 636 687 rem
663 645 716 687 ad
741 646 949 701 populum
980 645 1147 699 detulit,
1174 644 1329 698 docuit,
1356 659 1431 686 cur

34 716 68 741 ιο
87 704 170 746 sibi
202 718 332 746 causa
369 704 575 746 desistere
611 718 785 746 neeesse
823 707 954 758 esset,
997 703 1208 745 Manlium
1250 703 1430 744 missum

84 763 200 805 fecit.
249 763 438 805 Tantum
469 763 736 818 temporibus
769 763 857 804 illis
890 763 955 804 ius
987 762 1215 804 iurandum
1243 762 1429 803 valebat.

86 822 231 877 Atque
268 822 339 864 hie
370 821 416 864 T.
447 821 635 863 Manlius
672 822 708 863 13
749 825 830 875 631,
871 822 944 876 qui
970 821 1024 863 ad
1054 821 1265 863 Anienem
1303 820 1432 875 Galli,

88 895 214 935 quem
246 881 300 922 ab
330 895 380 922 eo
411 883 673 936 provocatus
699 880 923 933 occiderat,
954 883 1108 934 torque
1141 880 1333 922 detracto
1367 894 1432 921 60-

88 954 274 995 gnomen
287 939 464 993 invenit,
484 939 603 981 euius
617 939 746 981 tertio
761 939 988 981 consulatu
1001 938 1146 980 Latini
1168 939 1222 980 ad
1234 938 1432 980 Veserim

35 1009 68 1035 15
85 998 172 1039 fusi
203 1000 246 1039 et
276 998 431 1054 fugati,
461 1012 644 1053 magnus
677 998 743 1039 vir
773 998 819 1039 in
848 997 1000 1052 primis
1033 1000 1088 1051 et,
1118 997 1191 1050 qui
1217 997 1431 1052 perindul-

88 1071 192 1113 gens
224 1057 270 1097 in
300 1060 481 1112 patrem,
511 1057 624 1098 idem
657 1057 807 1098 acerbe
839 1070 1010 1097 severus
1041 1056 1088 1097 in
1117 1056 1266 1097 filium.

175 1113 275 1170 Sed,
318 1118 368 1157 ut
405 1115 644 1157 laudandus
675 1115 869 1171 Regulus
907 1115 952 1156 in
991 1114 1283 1156 conservando
1322 1115 1414 1155 iure
1436 1100 1500 1183 ἐξ

86 1174 279 1229 iurando,
311 1174 373 1216 sio
399 1174 544 1216 decem
568 1174 647 1227 illi,
680 1188 786 1228 quos
813 1177 913 1228 post
939 1172 1207 1215 Cannensem
1240 1187 1432 1228 pugnam

85 1233 251 1275 iuratos
284 1233 338 1275 ad
375 1236 573 1275 senatum
605 1232 725 1274 misit
755 1231 977 1274 Hannibal
1010 1246 1054 1274 se
1086 1233 1130 1273 in
1162 1235 1306 1274 eastra
1342 1232 1432 1273 red-

34 1303 68 1329 20
86 1292 224 1334 ituros
251 1307 312 1346 ea,
332 1307 515 1346 quorum
535 1294 657 1333 erant
676 1291 806 1347 potiti
825 1291 970 1344 Poeni,
992 1291 1077 1332 nisi
1104 1291 1154 1332 de
1174 1291 1432 1332 redimendis

0 1348 1 1352 ’
87 1351 271 1406 captivis
301 1351 665 1406 impetravissent,
697 1351 734 1392 si
764 1365 852 1392 non
882 1350 1114 1404 redierunt,
1145 1349 1432 1405 vituperandi.

87 1409 152 1451 De
183 1410 336 1464 quibus
355 1424 443 1452 non
467 1424 615 1451 omnes
640 1424 725 1451 uno
751 1409 898 1462 modog
927 1424 1029 1450 nam
1048 1408 1270 1463 Polybius,
1294 1409 1431 1450 bonus

89 1471 238 1511 auctor
266 1469 311 1509 in
336 1468 500 1524 primis,
532 1483 582 1510 ex
609 1468 754 1510 decem
778 1467 1075 1522 nobilissimis,
1103 1467 1176 1522 qm·
1195 1470 1288 1509 tum
1309 1471 1433 1509 erant

88 1527 223 1581 missi,
247 1542 402 1569 novem
422 1527 652 1569 revertisse
673 1527 775 1569 dicit
794 1541 839 1569 re
860 1542 885 1569 a
905 1529 1057 1568 senatu
1075 1541 1164 1568 non
1181 1526 1433 1581 impetrata3

34 1597 68 1624 25
87 1601 221 1628 unum
246 1601 297 1628 ex
323 1586 480 1640 decem,
512 1586 585 1641 qui
610 1587 740 1641 paulo
765 1588 877 1641 post,
910 1600 1040 1640 quam
1066 1588 1159 1627 erat
1185 1599 1383 1640 egressus
1410 1600 1432 1627 e

88 1645 262 1700 eastris,
307 1645 507 1699 redisset,
545 1645 669 1700 quasi
707 1644 869 1699 aliquid
901 1647 1015 1686 esset
1046 1644 1226 1698 oblitus,
1268 1643 1432 1686 Romae

87 1703 364 1758 remansisse3
407 1704 548 1746 reditu
585 1704 699 1745 enim
734 1704 780 1745 in
817 1706 960 1745 castra
991 1703 1223 1744 liberatum
1256 1717 1300 1744 se
1339 1717 1432 1744 esse

88 1763 179 1804 iure
215 1763 396 1805 iurando
433 1763 820 1818 interpretabatur,
862 1777 951 1804 non
986 1765 1119 1817 reete3
1160 1761 1280 1804 fraus
1319 1762 1432 1804 enim

88 1821 312 1877 astringit,
341 1836 429 1864 non
461 1822 662 1863 dissolvit
690 1821 936 1876 periurium.
996 1819 1098 1862 Fuit
1128 1821 1264 1876 igitur
1297 1821 1432 1862 stulta

36 1892 71 1918 ³⁰
88 1880 304 1923 calliditas
329 1895 529 1936 perverse
555 1880 727 1922 imitata
751 1880 1037 1935 prudentiam.
1071 1879 1223 1934 Itaque
1244 1879 1433 1921 decrevit

87 1943 281 1994 senatus,
317 1942 367 1981 ut
396 1940 472 1981 ille
503 1942 722 1981 veterator
754 1941 798 1981 et
829 1939 1009 1981 callidus
1040 1939 1210 1980 vinetus
1237 1938 1291 1980 ad
1315 1937 1431 1980 Han-

86 1998 276 2040 nibalem
307 1999 543 2040 duceretur.
588 1996 670 2039 Sed
700 1998 810 2039 illud
842 2012 1106 2040 maxumum:
1139 1997 1246 2040 Octo
1277 1997 1413 2039 homi-
1437 2008 1500 2039 114

87 2071 190 2099 num
222 2057 343 2099 milia
373 2057 551 2099 tenebat
581 2056 814 2110 Hannibal,
845 2071 932 2098 non
964 2071 1071 2110 quos
1102 2056 1147 2098 in
1180 2057 1268 2098 acie
1301 2056 1431 2111 cepis-

89 2118 171 2168 set,
209 2119 284 2158 aut
317 2117 388 2170 qui
419 2116 610 2171 periculo
641 2116 795 2158 mortis
835 2115 1123 2171 diffugissent,
1162 2115 1235 2157 sed
1267 2115 1340 2170 qui
1370 2129 1432 2156 re-

35 2174 181 2216 85Ιὶ611
213 2175 257 2216 111
288 2174 442 2216 castris
472 2174 659 2217 fuissent
690 2190 715 2216 a
745 2174 881 2216 Paulo
920 2178 963 2216 et
1000 2189 1026 2216 a
1055 2173 1252 2216 Varrone
1284 2188 1433 2216 consu-

88 2233 215 2275 libus.
274 2232 364 2275 Eos
403 2237 577 2275 senatus
607 2248 695 2275 non
733 2233 898 2276 censuit
928 2233 1216 2287 redimendos,
1256 2247 1352 2274 oum
1390 2232 1432 2274 id

87 2306 224 2347 parva
253 2293 434 2348 pecunia
463 2293 556 2335 fieri
586 2296 753 2349 posset,
783 2295 832 2335 ut
864 2294 978 2334 esset
1008 2291 1186 2334 insitum
1219 2291 1432 2333 militibus
