1663 2490
566 75 666 110 CAP.
693 79 725 118 3,
751 80 783 110 4.
833 81 853 117 s
881 79 1028 109 11—15.
1379 74 1458 115 167

122 183 293 238 quidem
326 182 468 224 deleta
500 185 578 236 est,
609 185 702 224 tum
734 182 928 236 florebat,
958 181 1171 223 institutis
1197 184 1241 222 et
1265 196 1461 236 praecep-

121 243 178 283 tis
218 241 305 283 suis
345 240 610 295 erudierunt,
664 241 733 283 vel
766 241 874 292 eius,
913 239 987 294 qui
1024 239 1243 294 Apollinis
1288 240 1460 281 oraculo

124 299 467 355 sapientissimus
501 302 567 340 est
598 299 829 353 iudicatus,
860 299 978 354 †qui
1007 313 1095 340 non
1120 301 1213 340 tum
1239 298 1336 352 hoc,
1369 301 1461 340 tum

121 359 240 413 illud,
273 361 321 400 ut
351 358 396 400 in
427 358 655 413 plerisque,
686 359 760 400 sed
785 333 897 400 idem
925 372 1104 413 semper,
1136 357 1302 399 animos
1327 357 1461 403 homi-

87 429 103 454 5
120 432 223 460 num
254 431 346 459 esse
379 416 559 472 divinos,
590 417 740 472 iisque,
766 432 862 459 cum
887 432 938 459 ex
964 431 1142 472 corpore
1168 416 1462 470 excessissent,

120 476 304 518 reditum
347 475 393 516 in
440 476 607 517 caelum
643 478 811 531 patere,
855 476 1104 531 optimoque
1143 478 1186 517 et
1223 474 1460 516 iustissimo

119 535 270 589 cuique
295 534 675 601 expeditissimum.
726 534 846 583 Quod
871 535 984 577 idem
1010 533 1198 601 Scipioni
1224 534 1463 588 videbatur,

121 594 193 648 qui
225 593 407 648 quidem,
440 593 562 648 quasi
588 594 869 649 praesagiret,
901 594 1126 649 perpaucis
1153 595 1252 635 ante
1277 596 1462 635 mortem

122 652 283 707 diebus,
314 667 410 694 cum
442 655 485 693 et
516 652 667 694 Philus
700 656 743 694 et
774 653 977 694 Manilius
1007 652 1177 694 adesset
1202 655 1246 694 et
1271 652 1346 694 alii
1371 652 1463 707 plu-

69 723 102 747 ιο
121 726 203 765 res,
234 714 366 766 tuque
398 711 547 766 etiam,
579 710 803 765 Scaevola,
835 726 1001 753 mecum
1032 711 1241 765 venisses,
1273 711 1463 752 triduum

122 770 323 812 disseruit
355 770 406 811 de
437 785 482 811 re
514 770 703 824 publica3
735 771 853 812 cuius
886 770 1190 825 disputationis
1218 770 1303 812 fuit
1329 772 1464 812 extre·

120 844 238 871 mum
263 828 352 870 fere
373 829 424 870 de
442 829 758 871 inmortalitate
779 829 1031 882 animorum,
1058 844 1165 884 quae
1187 844 1231 872 se
1255 829 1301 870 in
1322 829 1464 884 quiete

120 903 197 943 per
227 887 368 930 visum
400 902 450 929 ex
482 887 687 930 Africano
721 889 890 930 audisse
923 888 1103 930 dicebat.
1156 887 1206 929 Id
1238 888 1275 930 si
1299 889 1363 930 ita
1388 891 1465 942 est,

120 949 169 988 ut
201 947 367 1002 optumi
398 946 601 1001 cuiusque
634 947 801 989 animus
833 947 878 988 in
915 949 1054 989 morte
1084 947 1291 989 facillime
1323 947 1465 989 evolet

68 1015 101 1041 1⁵
122 1009 344 1060 tamquam
376 1020 398 1047 e
430 1006 625 1047 custodia
655 1006 893 1061 vinclisque
919 1006 1124 1060 corporis,
1149 1006 1217 1047 cui
1243 1020 1464 1048 censemus

121 1078 293 1106 cursum
320 1064 374 1105 ad
400 1064 500 1117 deos
526 1064 765 1107 faciliorem
791 1064 925 1106 fuisse
953 1079 1082 1119 quam
1102 1063 1322 1120 Scipioni?
1355 1063 1464 1113 Quo-

120 1123 232 1165 circa
263 1137 452 1164 maerere
483 1123 565 1165 hoc
597 1124 688 1165 eius
720 1126 875 1165 eventu
906 1137 1057 1165 vereor
1084 1138 1137 1165 ne
1163 1124 1297 1165 invidi
1324 1123 1464 1179 magis

121 1196 250 1237 quam
282 1182 408 1224 amici
441 1182 508 1224 sit.
565 1181 641 1223 Sin
672 1185 816 1224 autem
847 1183 925 1224 illa
956 1182 1142 1234 veriora,
1180 1185 1228 1224 ut
1259 1183 1372 1224 idem
1404 1182 1465 1224 in-

120 1240 273 1282 teritus
312 1241 371 1282 sit
413 1241 653 1282 animorum
692 1244 735 1283 et
771 1256 999 1296 corporum
1042 1256 1119 1284 nec
1161 1242 1275 1283 ullus
1315 1256 1464 1283 sensus

67 1310 102 1336 20
121 1302 311 1354 maneat,
354 1302 403 1341 ut
438 1300 547 1341 nihil
583 1300 687 1343 boni
725 1302 791 1342 est
828 1300 872 1341 in
910 1303 1066 1354 morte,
1105 1300 1166 1343 sic
1204 1303 1317 1343 certe
1354 1300 1464 1342 nihil

120 1358 243 1414 mali3
287 1373 416 1400 sensu
456 1359 570 1401 enim
610 1359 769 1401 amisso
801 1360 851 1400 fit
888 1359 1020 1413 idem,
1065 1360 1188 1414 quasi
1218 1362 1346 1402 natus
1377 1374 1466 1401 non

122 1420 236 1459 esset
267 1418 454 1469 omnino,
487 1433 614 1472 quem
644 1421 790 1460 tamen
817 1431 909 1460 esse
940 1421 1092 1460 natum
1124 1421 1168 1460 et
1198 1433 1276 1461 nos
1311 1419 1464 1474 gaude-

121 1491 216 1518 mus
248 1479 292 1518 ct
322 1476 428 1519 haec
460 1477 630 1528 civitas,
668 1477 770 1519 dum
801 1478 894 1532 erit,
926 1477 1171 1519 laetabitur.
1238 1477 1376 1527 Quam
1408 1478 1463 1520 ob

121 1550 212 1577 rem
238 1550 335 1577 cum
359 1535 437 1578 illo
465 1536 647 1591 quidem,
677 1539 726 1577 ut
746 1551 877 1591 supra
897 1536 996 1591 djxi,
1028 1540 1171 1579 actum
1198 1538 1360 1592 optime
1387 1540 1465 1592 est,

68 1604 102 1630 2⁵
122 1609 287 1636 mecum
318 1594 648 1650 incommodius,
691 1609 816 1650 quem
846 1595 990 1637 fuerat
1021 1596 1216 1650 aequius,
1259 1598 1307 1637 ut
1343 1596 1463 1651 prius

120 1653 384 1707 introieram‚
416 1654 476 1696 sic
506 1654 626 1709 prius
659 1654 773 1696 exire
806 1654 855 1695 de
887 1654 989 1696 vita.
1034 1653 1117 1696 Sed
1147 1658 1294 1696 tamen
1328 1669 1464 1697 recor-

122 1712 294 1754 datione
324 1715 499 1754 nostrae
532 1713 747 1755 amicitiae
785 1713 846 1754 sic
882 1712 1021 1768 fruor,
1057 1717 1107 1755 ut
1143 1714 1268 1755 beate
1305 1714 1464 1756 vixisse

122 1771 279 1826 videar,
311 1771 412 1826 quia
443 1786 539 1814 cum
571 1771 768 1827 Scipione
799 1772 991 1826 vixerim,
1023 1787 1206 1827 quocum
1235 1773 1342 1815 mihi
1368 1788 1464 1815 con—

120 1830 266 1872 iuncta
297 1844 399 1872 cura
430 1830 481 1872 de
512 1831 686 1886 publica
717 1845 762 1872 re
794 1833 837 1872 et
869 1831 920 1872 de
950 1831 1123 1886 privata
1152 1831 1247 1883 fuit,
1281 1846 1463 1886 quocum

69 1898 102 1924 ³⁰
122 1892 165 1931 et
196 1889 347 1931 domus
377 1889 462 1931 fuit
493 1892 536 1931 et
567 1889 725 1931 militia
756 1890 994 1932 communis
1027 1893 1086 1945 et,
1130 1891 1174 1932 id
1204 1891 1250 1933 in
1281 1905 1365 1946 quo
1399 1894 1464 1933 est

122 1948 261 1990 omnis
291 1948 357 1990 vis
396 1949 630 1999 amicitiae,
672 1949 965 2003 voluntatum,
998 1950 1255 2004 studiorum,
1296 1953 1463 1992 senten-

120 2007 281 2048 tiarum
322 2021 490 2049 summa
529 2008 766 2050 consensio.
826 2008 978 2063 Itaque
1021 2023 1107 2050 non
1144 2012 1235 2050 tam
1272 2009 1358 2050 ista
1395 2023 1463 2051 me

122 2066 370 2121 sapientiae,
402 2081 532 2121 quam
564 2067 690 2109 modo
722 2066 910 2109 Fannius
944 2068 1315 2122 commemoravit,
1345 2067 1464 2110 fama

122 2124 324 2179 delectat,
365 2125 478 2167 falsa
514 2126 787 2181 praesertim,
826 2141 955 2180 quam
987 2127 1099 2182 quod
1138 2127 1352 2169 amicitiae
1389 2141 1463 2169 no—

69 2191 102 2217 ³5
122 2186 238 2225 strae
257 2184 507 2226 memoriam
529 2199 654 2240 spero
675 2185 983 2240 sempiternam
1001 2185 1105 2241 fore,
1130 2186 1257 2241 idque
1284 2201 1332 2228 eo
1357 2186 1464 2227 mihi

121 2242 261 2298 magis
292 2245 359 2284 est
389 2243 524 2298 cordi,
568 2243 683 2299 quod
719 2258 771 2286 ex
808 2244 1006 2287 omnibus
1046 2245 1226 2288 saeculis
1264 2245 1336 2287 vix
1378 2244 1463 2286 tria

123 2303 199 2342 aut
229 2304 434 2356 quattuor
462 2302 743 2345 nominantur
773 2303 897 2359 paria
925 2303 1181 2360 amicorum3
1214 2318 1297 2359 quo
1323 2304 1367 2345 in
1395 2317 1463 2359 ge-

1491 543 1533 574 14

1494 1485 1533 1519 15
