1611 2495
136 68 289 104 XXXVI
544 69 825 105 ADNOTATIO
854 70 1054 107 CRITICA.

138 179 180 208 16
195 186 246 219 sq.
273 175 410 210 Attulit
437 197 478 201 —
501 175 675 210 Attulisse
699 175 833 219 Madv„
859 177 902 210 K.
930 178 967 210 eb
992 176 1074 212 Seh.
1101 197 1146 202 —
1171 178 1209 212 P.
1238 182 1315 213 246.
1344 181 1388 212 28
1414 180 1472 213 ob·

134 226 247 266 royat.
275 222 384 256 Beck.
418 221 441 258 l.
468 222 491 257 l.
524 235 558 267 p.
586 226 629 257 45
645 234 734 266 sqq.,
766 223 830 268 [de
863 223 975 268 legum
1006 224 1323 270 abroyatiouibus]
1347 224 1469 260 Madv.

136 269 286 303 auctore
317 268 359 303 K.
396 270 433 303 eb
465 268 546 304 Sch.
575 290 616 294 —
643 268 680 303 P.
709 273 787 304 246.
815 273 858 303 30
893 281 960 314 quo
991 272 1108 316 dercy.
1140 270 1324 314 Buechel,
1358 271 1399 306 K.
1434 273 1473 306 et

137 314 230 359 soh..
257 327 325 360 9αο
350 317 526 351 decretum
551 321 610 358 est,
636 320 677 351 ut
701 317 734 351 ei
755 317 987 361 obroyaretur
1005 317 1113 352 Beck.
1137 338 1179 342 —-
1200 318 1238 352 P.
1261 322 1339 353 248.
1361 322 1405 352 30
1418 330 1470 362 sq.

134 363 209 396 siut
235 373 313 406 scr„
338 367 423 398 suut
447 363 563 407 vulg.;
589 364 711 398 iubeat
735 363 911 398 discedere
935 362 976 398 K.
1005 365 1042 398 et
1067 364 1148 399 Sch.
1177 363 1344 398 Ciceroni
1371 364 1470 399 dant.

137 429 180 433 »—
206 409 245 443 P.
272 413 350 444 249.
377 414 397 443 5
424 414 464 445 ut
489 421 558 444 om.
586 409 664 444 cod.
693 411 730 443 eb
754 409 852 454 vulg.
880 430 926 435 —-
950 410 989 445 P.
1017 415 1094 446 249.
1117 416 1158 445 31
1186 412 1323 445 minari
1348 410 1471 455 Orell,

135 456 175 490 icl
209 456 345 491 minari
376 456 418 491 K.
451 457 489 491 et
521 456 614 499 Sch.,
646 457 817 491 damnari
848 456 926 492 cod.
962 478 1004 483 ——
1036 458 1074 492 P.
1108 462 1185 492 250.
1224 462 1264 492 10
1290 469 1470 504 propuyn.

136 502 321 546 Buechel,
354 503 395 538 K.
429 504 467 538 et
498 502 579 538 Sch.
615 524 653 528 —
687 503 726 537 P.
754 507 831 538 250.
859 507 902 538 25
930 505 1068 548 partim
1098 506 1204 539 etiam
1234 506 1328 549 quod
1360 504 1402 540 K.
1436 507 1474 539 eb

137 549 218 583 Sch.
240 570 285 575 —
305 550 343 585 P.
365 554 442 585 250.
463 554 507 584 34
527 551 630 594 quale
654 549 753 594 vulg.
776 571 818 575 —
838 549 878 585 P.
901 555 977 586 256.
998 556 1019 586 8
1048 551 1151 595 Quod
1176 553 1269 586 euim
1294 552 1384 586 mihi
1403 551 1473 585 -32

135 595 281 639 Patrio„
302 597 420 631 Halm.
445 596 632 640 ‘Beitriige
653 608 714 630 zur
732 596 931 640 Berichtig.
953 597 1027 631 und
1046 599 1198 643 Erg‘dnz,
1224 598 1288 632 der
1309 597 1471 633 Ciceron.

135 641 294 687 Fragm.’
326 647 413 678 1862
440 655 474 687 p.
503 647 563 686 21,
593 642 689 687 Quid
713 643 832 678 euim?
862 645 951 679 mihi
976 665 1030 680 —.
1077 647 1192 688 Arus,
1225 644 1333 689 Kays.
1362 665 1407 670 —
1432 645 1471 679 P.

137 693 214 725 258.
237 693 257 724 2
283 695 365 725 aute
389 691 509 725 miuus
528 689 568 724 K.
592 691 629 724 eb
649 689 730 725 Sch.
754 711 796 715 —
816 691 855 726 P.
877 694 955 726 258.
976 695 1021 725 34
1046 692 1096 726 eis
1114 691 1227 725 Prisc.
1255 693 1318 734 (eis
1342 693 1472 735 rebus),

134 737 190 771 his
217 735 288 771 Cic.
316 736 398 771 edd.
427 758 469 762 —
496 737 533 771 P.
562 741 639 771 259.
669 741 686 771 1
716 737 788 782 Qui
811 737 936 782 potius
966 748 1075 781 quam
1104 738 1201 782 Quid
1227 738 1339 773 scribi
1364 738 1474 773 iussit

137 783 309 818 Garaton.
337 783 383 817 ad
410 783 484 819 Cic.
510 783 587 818 Mil.
614 795 648 828 p.
677 788 742 818 321
772 783 842 827 Or„
878 785 1018 829 aliquid
1043 785 1136 819 coni.
1164 784 1258 819 Keil.
1286 784 1359 819 ind.
1387 785 1471 820 Hal.

136 831 224 865 aest.
249 834 337 865 1879
364 843 398 874 p.
420 830 481 866 XI.
502 851 548 855 —-
566 830 605 865 P.
628 835 705 866 261.
727 836 767 865 31
791 831 868 866 Nee
885 836 1048 866 senatum
1066 833 1223 876 respexit
1248 832 1286 865 et
1304 843 1337 866 v,
1359 836 1405 866 34
1419 843 1472 874 sq.

134 878 242 912 etiam
260 882 336 912 tum
354 877 486 920 Halm,
512 876 553 912 K.
576 878 614 911 et
634 877 714 912 Sch.
737 899 780 903 —
800 877 839 912 P.
861 882 939 913 262.
964 883 1005 912 12
1031 889 1143 923 supra
1169 889 1247 922 scin,
1273 889 1341 913 sua
1366 878 1471 914 codd.

136 925 173 957 et
205 923 298 967 edd„
332 925 430 959 ‘fort.
463 924 550 959 del.'
586 924 627 958 K.
661 926 698 959 et
730 924 809 959 Sch.
843 924 883 959 in
912 925 1077 960 Addend.
1113 947 1153 950 -
1187 925 1225 961 P.
1253 929 1331 960 263.
1360 929 1404 960 25
1419 937 1472 969 sq.

134 971 197 1005 Ita
233 972 373 1016 quidem
409 972 485 1006 iud.
518 970 560 1006 K.
594 973 631 1005 ct
663 971 744 1006 Sch.
777 993 820 997 —
852 972 891 1007 P.
925 976 1002 1007 263.
1036 976 1078 1007 31
1110 984 1222 1007 manu
1255 973 1362 1007 Mari
1393 983 1472 1015 scr„

134 1019 230 1054 mari
260 1018 366 1057 codd.
392 1017 470 1061 MP,
502 1030 614 1053 mauu
646 1017 684 1062 S,
717 1019 822 1053 Mari
845 1018 886 1053 K.
921 1021 958 1054 eb
983 1019 1064 1054 Sch.
1098 1040 1140 1045 —
1172 1019 1210 1054 P.
1239 1023 1316 1054 265.
1351 1024 1394 1054 33
1426 1021 1474 1054 sit

134 1064 286 1108 Manut„
312 1064 354 1100 K.
382 1066 421 1099 eb
440 1065 521 1100 Sch.
549 1064 588 1098 in
606 1065 785 1109 Addend,
811 1067 884 1109 fuit
909 1066 1000 1110 cod.,
1027 1065 1068 1101 K.
1096 1068 1134 1100 et
1153 1065 1233 1101 Seh.
1263 1087 1303 1091 —
1333 1066 1371 1101 P.
1393 1070 1471 1101 266.

135 1116 179 1146 32
214 1112 329 1157 Quam
357 1123 425 1157 pro
457 1113 568 1146 Hauc
599 1111 747 1156 Maehly
781 1112 971 1148 ‘Zeitschn
1005 1113 1028 1148 f.
1063 1112 1095 1148 d.
1130 1113 1171 1148 G.
1204 1112 1277 1147 W.’
1315 1116 1404 1147 1870
1437 1125 1472 1157 p.

135 1161 203 1193 822
228 1158 380 1204 probab.
408 1179 450 1183 —
477 1160 515 1194 P.
543 1163 621 1194 267.
649 1164 691 1194 32
724 1172 747 1194 α
774 1161 846 1203 (ab)
871 1161 947 1195 suis
973 1160 1107 1205 Sigon„
1140 1170 1234 1194 auus
1263 1170 1350 1195 suus
1380 1160 1472 1203 cod.,

135 1207 180 1241 ab
222 1207 310 1241 mbe
352 1205 564 1249 Robertell„
608 1205 649 1241 K.
697 1208 735 1241 et
772 1206 852 1242 Sch.
893 1228 934 1232 —
973 1207 1025 1242 Ib.
1069 1208 1121 1241 ibi
1158 1206 1228 1241 del.
1267 1218 1333 1251 que
1370 1206 1473 1250 Rau„

135 1252 176 1287 K.
210 1254 248 1288 et
280 1252 362 1287 Sch.
396 1273 437 1278 —
470 1252 507 1288 P.
541 1257 619 1287 269.
655 1258 669 1287 1
711 1261 789 1285 CUM
822 1262 846 1286 A
883 1261 998 1286 LUDIS
1034 1261 1250 1286 CONTIONEM
1282 1260 1475 1286 AVOGAVIT

134 1301 219 1335 rest.
246 1299 368 1334 Madv.
394 1299 487 1335 Adv.
514 1300 548 1334 H
573 1312 607 1344 p.
636 1304 720 1343 244,
746 1308 816 1332 PRO
843 1309 873 1334 J..
905 1308 1053 1333 οΤηοΝΕ
1077 1300 1158 1334 edd.
1188 1321 1229 1325 —-
1254 1300 1293 1335 P.
1322 1304 1400 1335 269.
1428 1304 1473 1334 24

136 1359 241 1393 aqam
271 1347 320 1381 id.
353 1346 401 1382 ib.
430 1367 472 1372 -—
505 1346 542 1382 P.
571 1351 648 1381 270.
678 1351 719 1381 19
747 1347 770 1392 †
802 1346 884 1382 add.
913 1368 955 1372 —
986 1346 1026 1380 P.
1055 1351 1132 1382 270.
1161 1351 1203 1381 31
1236 1347 1473 1393 [patefactast

135 1395 279 1429 sublata
302 1394 465 1439 [delata]
488 1393 607 1428 Halm.
637 1415 679 1419 -—
705 1393 744 1428 P.
772 1398 849 1428 271.
880 1399 896 1428 1
915 1406 966 1438 sq.
998 1395 1040 1428 iu
1064 1398 1228 1429 senatum
1251 1399 1337 1428 suut
1361 1395 1473 1428 iutro-

136 1442 236 1476 (lueti
259 1441 391 1484 Halm„
424 1442 465 1475 iii
495 1445 640 1476 senatus
669 1442 739 1485 fide
765 1442 874 1485 posui
904 1440 1025 1476 Madv.
1060 1441 1152 1475 Adv.
1186 1441 1219 1474 ΙΙ
1251 1453 1285 1485 p.
1320 1445 1387 1475 244
1408 1453 1472 1485 sq.,

134 1493 280 1524 senatus
315 1489 421 1532 fidem
457 1489 656 1533 interposui
691 1487 873 1523 scribend.
910 1487 1065 1522 videtur.
1101 1508 1142 1512 —
1176 1487 1215 1522 P.
1249 1492 1326 1522 271.
1360 1492 1403 1522 22
1436 1499 1474 1523 eo

136 1541 299 1580 tempore,
325 1546 392 1580 quo
413 1534 566 1579 Ziegler.
587 1546 678 1569 mus.
700 1534 816 1569 Rhen.
838 1535 974 1569 XXVII
993 1547 1028 1580 p.
1050 1540 1128 1578 433,
1156 1546 1234 1569 eum
1260 1546 1298 1570 eo
1322 1539 1474 1579 tempore

137 1582 230 1618 Baiis.
259 1602 301 1607 —-
334 1583 371 1617 P.
399 1586 477 1616 272.
508 1586 549 1616 14
575 1583 779 1626 petiverunt
811 1581 975 1626 Ziegler.,
1005 1583 1205 1626 petiverant
1234 1581 1328 1616 Bait.
1357 1603 1399 1607 —
1431 1581 1471 1616 P.

136 1634 214 1664 273.
242 1633 264 1664 4
293 1640 397 1674 quom
421 1628 541 1663 Halm.
578 1628 802 1672 ‘Beitraege'
831 1641 865 1673 p.
896 1633 936 1663 15
952 1640 1017 1673 ex,
1049 1640 1116 1673 quo
1148 1628 1228 1663 edd.
1258 1650 1299 1654 —
1325 1628 1364 1664 P.
1393 1633 1470 1663 273.

137 1682 156 1712 8
182 1677 274 1719 vide,
300 1688 350 1711 au
376 1675 502 1710 Cicero
527 1686 601 1710 non
627 1675 785 1720 scripsit,
814 1675 969 1710 fortasse
996 1675 1145 1720 scripsit
1168 1677 1259 1718 vide,
1284 1680 1334 1710 ut.
1362 1695 1406 1701 —
1432 1675 1471 1711 P.

136 1728 213 1758 274.
241 1727 328 1766 4sq.
357 1724 395 1757 eb
422 1728 461 1757 13
477 1734 528 1766 sq.
562 1722 765 1766 Kayserum
796 1724 941 1757 secutus
975 1735 1070 1766 sum,
1103 1722 1221 1757 Halm.
1255 1722 1276 1756 1.
1310 1722 1332 1756 1.
1365 1734 1399 1766 p.
1431 1727 1473 1757 16

136 1772 200 1805 ubi
224 1771 317 1805 ‘nihil
342 1771 470 1813 habeo,
496 1771 549 1804 ibi
572 1771 701 1813 fuisse,
731 1780 799 1814 quo
825 1771 926 1805 adire
950 1771 1086 1804 nemini
1109 1781 1183 1804 uon
1208 1770 1389 1804 licitumst.
1445 1769 1475 1803 Ο

135 1819 351 1862 impotentem
371 1819 566 1862 (patentem
586 1816 681 1859 cod.)
708 1818 787 1852 adv.
809 1837 854 1842 —
873 1816 913 1851 P.
935 1821 1012 1852 276.
1035 1821 1079 1851 24
1104 1817 1211 1851 simul
1236 1816 1318 1851 add.
1347 1828 1366 1850 e
1393 1816 1470 1851 cod.

138 1864 291 1909 Ziegler.
312 1876 403 1899 mus.
424 1864 538 1898 Rhen.
560 1863 695 1897 XXVII
714 1875 749 1908 p.
771 1868 850 1899 434.
872 1884 917 1889 -—
935 1864 973 1898 P.
996 1868 1072 1898 277.
1095 1867 1114 1897 8
1137 1864 1313 1909 [uostris]
1338 1865 1472 1898 lectori—

137 1912 202 1946 bus
225 1911 332 1954 Bais,
360 1911 480 1954 Kays,
507 1922 581 1945 uon
606 1911 679 1945 lect.
708 1911 799 1954 cod.,
825 1922 899 1945 uon
924 1910 993 1946 del.
1022 1910 1175 1954 Ziegler.
1203 1922 1235 1954 p.
1257 1914 1336 1945 434.
1363 1931 1408 1936 —
1433 1910 1470 1944 P.

136 1963 214 1993 277.
245 1964 283 1992 11
311 1960 438 1993 variae
463 1957 556 1992 coni.
585 1957 706 2001 Orell.,
736 1957 887 2002 Ziegler.
915 1958 938 1992 l.
966 1957 1000 2001 1.,
1029 1959 1135 1992 varia
1159 1957 1265 2001 Bait,
1292 1957 1401 2001 Kays.
1429 1977 1471 1982 -—

135 2005 174 2040 P.
203 2010 281 2040 277.
311 2009 352 2039 12
368 2017 420 2049 sq.
446 2016 533 2039 usus
557 2005 631 2048 fuit
654 2006 696 2039 in
720 2016 798 2039 eum
827 2004 870 2039 P.
894 2004 1052 2048 Clodius,
1079 2016 1159 2039 cum
1184 2006 1247 2050 leq.
1273 2005 1337 2040 int.
1365 2004 1471 2047 Bait„

138 2051 259 2096 Kays.,
287 2064 319 2087 V.
344 2051 496 2096 Ziegler.
523 2051 546 2086 1.
574 2051 596 2086 l.
620 2072 661 2076 —
681 2051 719 2086 P.
742 2056 820 2087 277.
842 2056 881 2086 31
900 2064 976 2095 sqq.
1000 2051 1149 2086 Scholia
1175 2062 1238 2086 cur
1263 2051 1471 2094 adiecerim,

136 2099 220 2143 ipsa
245 2099 438 2133 docebunt.
468 2120 510 2124 —
536 2099 575 2133 P.
604 2102 681 2133 279.
703 2103 746 2133 21
773 2103 823 2134 est
847 2103 963 2133 autem
989 2098 1141 2143 Ziegler.
1169 2098 1192 2133 l.
1220 2097 1254 2142 l.,
1282 2102 1399 2133 autem
1424 2102 1475 2133 est

135 2145 230 2181 Bait.
255 2167 296 2172 —-
317 2146 355 2181 P.
372 2150 450 2181 279.
468 2151 510 2180 32
530 2157 568 2181 re
581 2147 779 2190 pertimese.
801 2146 891 2189 cod.,
913 2145 1024 2188 Bam
1044 2157 1076 2180 v.
1094 2145 1246 2190 Ziegler.
1267 2145 1290 2180 1.
1311 2145 1334 2180 1.
1357 2166 1399 2170 -
1420 2144 1471 2181 Ib.

135 2197 282 2228 senatus
303 2194 502 2228 consultum
516 2192 621 2236 Bait,
642 2197 787 2228 senatus
801 2194 981 2228 consultus
996 2192 1086 2235 cod.,
1106 2204 1177 2227 seu.
1193 2193 1362 2227 consultis
1379 2192 1471 2227 coni.

137 2239 195 2275 Or.
224 2261 264 2266 —
293 2240 331 2275 P.
354 2244 432 2275 280.
457 2244 498 2274 19
524 2241 689 2276 desistere
715 2239 806 2274 coni.
829 2239 950 2283 Orell.,
977 2241 1135 2275 desinere
1154 2238 1248 2274 Bait.
1272 2260 1314 2264 -
1334 2239 1372 2274 P.
1394 2243 1471 2274 280.

137 2290 180 2322 28
194 2299 244 2331 sq.
272 2291 312 2322 ut
337 2292 369 2322 et
393 2288 465 2331 ipsi
484 2288 507 2324 †
532 2298 610 2322 eum
631 2288 672 2321 iu
691 2298 780 2323 oeus.
801 2298 873 2332 aeq.
892 2297 988 2331 perv.
1010 2298 1042 2322 v.
1066 2286 1218 2331 Ziegler.
1246 2297 1336 2321 mus.
1357 2286 1472 2321 Rhen.
