1673 2505
179 101 265 142 420
437 100 489 134 IN
517 100 552 134 O.
580 100 849 135 SALUSTIUM
876 100 1255 136 CONTROVERSIA.

179 208 333 249 similis
367 208 646 250 scelestorum
677 208 832 249 civium
858 222 942 248 una
968 223 1063 249 cum
1088 208 1177 249 illis
1210 209 1515 250 adnumeratus

134 278 152 309 7
179 268 311 308 esses!
363 267 434 307 An
465 281 543 322 ego
575 270 677 308 tunc
707 267 817 307 falso
850 266 1020 320 scripsi:

297 324 489 367 Cedant
522 340 658 366 arma
688 327 858 379 togae,

181 383 253 437 qui
283 386 459 439 togatus
492 386 534 424 et
565 398 668 438 pace
700 384 862 424 bellum
895 383 1118 438 oppressi?
1169 383 1239 425 An
1269 384 1377 425 illud
1403 398 1515 426 men·

179 443 286 483 titus
319 457 433 483 sum:
1551 455 1568 482 5

295 500 617 542 fortunatam
648 503 818 541 natam
851 515 923 541 me
956 500 1166 542 consule
1198 500 1416 555 Romam,

181 560 253 613 qui
289 562 460 600 tantum
497 559 751 600 intestinum
787 559 950 600 bellum
990 573 1039 600 ao
1077 559 1358 601 domesticum
1397 560 1515 600 urbis

127 618 153 659 3
179 618 421 659 incendium
453 617 642 671 extinxi?
703 617 852 672 Neque
884 620 927 658 te
959 618 1023 658 tui
1054 617 1192 672 piget,
1229 618 1358 659 homo
1393 618 1512 660 levis-

180 676 302 730 sime,
352 691 448 717 cum
498 691 547 717 ea
596 677 761 730 culpas,
812 691 919 730 quae
965 676 1158 717 historiis
1202 677 1309 717 mihi
1353 676 1515 733 gloriae

179 735 324 776 ducis?
368 735 399 787 †
442 734 511 776 An
553 735 721 789 turpius
767 738 832 775 est
877 735 1135 776 scribentem
1177 735 1350 776 mentiri
1387 750 1515 790 quam
1536 748 1567 773 10

178 793 301 834 illum
327 794 471 848 palam
498 793 579 834 hoc
604 794 750 834 ordine
777 794 1016 835 dicentem?
1055 793 1167 835 Nam
1196 794 1308 848 quod
1333 794 1379 835 in
1404 796 1516 835 aeta-

178 854 265 893 tem
290 852 553 907 increpuisti,
579 854 749 893 tantum
775 867 842 893 me
864 853 1013 893 abesse
1033 855 1138 906 puto
1160 853 1213 893 ab
1237 852 1515 908 impudicitia,

131 921 151 952 8
179 913 387 965 quantum
424 913 467 952 te
506 926 530 951 a
567 911 783 965 pudicitia.
846 909 927 951 Sed
965 911 1066 965 quid
1104 925 1183 966 ego
1222 911 1272 952 de
1308 914 1352 953 te
1392 912 1512 966 plura

179 970 360 1024 querar?
428 969 538 1017 Quid
582 970 694 1010 enim
735 970 909 1010 mentiri
946 972 1071 1024 turpe
1115 969 1249 1024 ducis,
1295 970 1367 1024 qui
1411 970 1514 1012 mihi

178 1042 306 1069 ausus
338 1028 395 1069 sis
429 1029 718 1082 eloquentiam
749 1031 797 1069 ut
828 1028 981 1069 vitium
1020 1028 1216 1070 obicere‘.>
1258 1029 1375 1070 cuius
1409 1043 1514 1070 sem·
1536 1041 1567 1066 15

176 1102 252 1141 per
288 1101 444 1128 nocens
487 1087 644 1142 eguisti
685 1087 935 1142 patrocinio.
1003 1087 1072 1127 An
1115 1087 1250 1128 ullum
1295 1087 1514 1128 existimas

176 1160 302 1200 posse
338 1146 431 1186 fieri
469 1146 603 1187 civem
640 1146 878 1201 egregium,
923 1146 996 1199 qui
1031 1160 1117 1187 11011
1159 1145 1227 1187 his
1268 1146 1432 1187 artibus
1472 1149 1515 1187 et

177 1204 414 1259 disciplinis
454 1205 510 1245 sit
548 1205 766 1245 eruditus?
812 1219 867 1246 an
903 1205 994 1245 ulla
1032 1204 1118 1245 alia
1153 1207 1281 1259 putas
1319 1219 1411 1246 esse
1448 1219 1514 1246 ru-

177 1263 366 1304 dimenta
398 1265 440 1304 et
470 1263 727 1304 incunabula
758 1263 949 1316 virtutis,
989 1263 1143 1317 quibus
1176 1263 1308 1305 animi
1340 1264 1393 1304 ad
1425 1264 1514 1318 glo-

176 1322 264 1363 riae
309 1322 587 1376 cupiditatem
631 1322 832 1363 aluntur‘?
894 1321 976 1363 Sed
1019 1322 1193 1363 minime
1237 1322 1394 1363 mirum
1437 1325 1514 1375 est,
1534 1335 1566 1360 20

177 1383 321 1435 patres
355 1381 602 1435 conscripti,
641 1381 676 1421 si
715 1380 862 1433 homo,
902 1380 974 1434 qui
1011 1380 1197 1421 desidiae
1236 1395 1284 1422 ac
1321 1380 1513 1422 luxuriae

129 1450 149 1481 9
177 1439 327 1493 plenus
349 1439 418 1493 sit,
442 1439 547 1480 haec
572 1441 620 1480 ut
644 1454 756 1480 nova
783 1441 910 1493 atque
936 1439 1145 1480 inusitata
1170 1439 1362 1480 miratur.
1399 1438 1513 1480 Nam

177 1498 289 1552 quod
320 1498 405 1538 ista
436 1497 645 1539 inusitata
681 1497 800 1539 rabie
837 1498 1083 1552 petulanter
1113 1498 1159 1539 in
1187 1512 1364 1539 uxorem
1396 1500 1438 1539 et
1468 1498 1514 1539 111

175 1557 311 1597 filiam
336 1571 476 1597 meam
501 1557 711 1610 invasisti,
739 1571 846 1610 quae
870 1556 1039 1597 facilius
1065 1556 1266 1597 mulieres
1287 1571 1331 1598 se
1358 1572 1383 1599 a
1407 1557 1512 1598 viris
1585 1607 1587 1609 ι

177 1615 476 1657 abstinuerunt
502 1630 630 1669 quam
655 1617 704 1656 tu
731 1615 797 1656 vir
823 1630 848 1656 a
872 1615 989 1669 viris,
1022 1615 1126 1656 satis
1154 1615 1275 1657 docte
1302 1630 1350 1657 ac
1374 1616 1511 1670 perite
1532 1628 1565 1652 25

175 1673 326 1715 fecisti.
387 1673 487 1715 Non
518 1674 631 1715 enim
663 1688 730 1714 me
769 1674 953 1728 sperasti
985 1677 1178 1715 mutuam
1211 1674 1293 1715 tibi
1325 1674 1512 1729 gratiam

175 1733 424 1787 relaturum,
455 1736 503 1774 ut
534 1733 722 1774 vicissim
753 1735 851 1774 tuos
884 1729 1199 1787 compellarem.
1249 1732 1368 1775 Unus
1400 1733 1512 1774 enim

177 1791 282 1832 satis
315 1793 394 1844 [es]
423 1792 627 1833 materiae
658 1792 803 1844 habes,
837 1806 974 1846 neque
1007 1792 1233 1846 quicquam
1267 1792 1381 1833 domi
1412 1795 1512 1834 tuae

176 1850 344 1904 turpius
378 1853 443 1891 est
476 1865 603 1905 quam
635 1853 694 1891 tu.
754 1850 940 1891 Multum
972 1853 1032 1904 te,
1071 1851 1238 1905 opinor,
1274 1851 1407 1905 fallit,
1440 1851 1512 1905 qui

176 1909 282 1949 mihi
302 1924 454 1963 parare
477 1909 641 1964 putasti
665 1909 870 1950 invidiam
897 1924 946 1950 ex
972 1924 1066 1950 mea
1091 1924 1136 1950 re
1160 1909 1377 1964 familiari,
1403 1924 1511 1964 quae
1531 1922 1564 1947 30

177 1967 281 2008 mihi
315 1968 451 2009 multo
484 1968 624 2009 minor
656 1970 732 2022 est,
764 1983 892 2022 quam
923 1967 1081 2009 habere
1108 1968 1260 2023 dignus
1287 1983 1391 2009 sum.
1435 1968 1512 2009 At-

177 2041 256 2080 que
294 2026 459 2068 utinam
495 2041 548 2068 ne
585 2029 709 2067 tanta
747 2027 916 2080 quidem
954 2029 1086 2081 esset,
1132 2029 1292 2081 quanta
1335 2030 1419 2081 est,
1463 2030 1511 2068 ut

175 2085 319 2139 potius
364 2086 489 2126 amici
539 2085 622 2126 mei
670 2085 883 2139 viverent,
933 2100 1062 2140 quam
1111 2099 1190 2141 ego
1239 2087 1510 2127 testamentis

115 2154 150 2185 ιο
177 2158 322 2184 eorum
366 2144 621 2198 locupletior
665 2145 820 2185 essem!
894 2144 990 2199 Ego
1032 2144 1184 2200 fugax,
1229 2143 1274 2186 C.
1317 2143 1510 2186 Salusti‘?

175 2201 327 2244 Furori
349 2202 514 2243 tribuni
538 2203 595 2257 pl.
622 2203 747 2256 cessi3
772 2202 921 2243 utilius
948 2203 1047 2244 duxi
1073 2203 1266 2257 quamvis
1291 2203 1509 2245 fortunam
1531 2215 1563 2241 35

174 2275 283 2301 unus
323 2261 505 2315 expeiiri
543 2276 671 2315 quam
708 2235 906 2303 uiiiverso
944 2262 1104 2316 populo
1139 2261 1334 2304 Romano
1373 2263 1510 2304 civilis

177 2334 312 2360 essem
334 2319 609 2362 dissensionis
630 2334 774 2375 causa,
799 2320 881 2374 qui,
902 2323 1183 2375 posteaquam
1203 2321 1277 2362 ille
1298 2335 1421 2362 suum
1442 2336 1511 2362 an-
