1663 2490
521 78 622 113 GAP.
649 83 683 121 ὃ,
710 82 741 113 7.
793 81 812 119 ἓ
841 81 988 113 17-24.
1346 79 1428 119 139

83 201 179 230 cum
210 187 353 228 aetate
385 185 685 240 processisset,
723 185 796 238 qui
828 184 1042 226 Aristides
1075 186 1207 237 esset,
1237 183 1428 237 Lysima-

55 283 58 286 ,
83 245 209 287 chum
239 244 429 286 salutare
456 244 662 285 solitum?
712 243 923 298 Equidem
948 257 1034 285 non
1061 242 1187 284 modo
1214 256 1287 284 eos
1312 243 1427 296 novi,

83 304 156 359 qui
187 305 300 356 sunt,
332 302 406 344 sed
437 316 584 344 eorum
617 305 762 357 patres
795 302 926 343 etiam
959 304 1001 342 et
1034 315 1150 354 avos,
1180 315 1258 342 nec
1289 301 1427 355 sepul-

82 377 154 404 cra
186 362 334 417 legens
365 375 529 414 vereor,
561 361 673 414 quod
706 362 839 415 aiunt,
870 375 923 402 ne
953 360 1205 401 memoriam
1231 359 1426 414 perdam3

47 421 150 464 shis
189 420 301 461 enim
338 419 445 474 ipsis
483 419 675 474 legendis
714 419 758 460 in
797 419 1047 460 memoriam
1080 418 1205 460 redeo
1238 420 1427 460 mortuo-

81 494 188 521 rum.
237 478 328 520 Nec
353 493 455 520 vero
483 493 741 532 quemquam
768 492 913 519 senem
940 477 1084 519 audivi
1113 477 1310 530 oblitum,
1342 491 1427 531 quo

81 539 176 581 loco
208 537 460 579 thesaurum
493 537 726 593 obruisset3
759 537 915 591 omnia,
948 551 1056 590 quae
1085 538 1250 589 curant,
1281 534 1427 576 memi-

80 599 248 651 nerunt,
272 595 519 638 vadimonia
539 595 788 650 constituta,
809 596 903 650 quis
921 595 1016 648 sibi,
1036 595 1103 637 cui
1121 594 1205 649 ipsi
1231 593 1425 635 debeant.

82 654 228 705 Quid?
266 654 370 696 iuris
397 655 595 708 consulti,
628 654 758 708 quid?
792 654 1035 709 pontifices,
1067 653 1198 708 quid?
1231 666 1426 707 augur,es

28 732 64 758 10
84 712 214 771 quid?
229 713 478 769 philosophi
494 728 614 755 senes
637 728 764 767 quam
781 714 918 754 multa
933 713 1235 754 meminerunt!
1251 712 1428 754 Manent

81 772 256 829 ingenia
282 772 468 827 senibus,
494 772 620 814 modo
648 775 899 827 permaneat
926 772 1115 812 studium
1142 773 1185 812 et
1204 770 1428 824 industria,

81 846 218 886 neque
257 846 307 873 ea
344 832 484 873 solum
521 831 566 872 in
603 831 731 872 claris
771 834 814 872 et
850 830 1074 872 honoratis
1114 829 1238 884 viris,
1279 829 1353 871 sed
1383 829 1429 870 in

82 891 173 933 vita
205 890 336 932 etiam
367 890 540 945 privata
571 892 615 930 et
646 890 802 944 quieta.
859 888 1096 944 Sophocles
1129 888 1183 930 ad
1215 902 1428 930 summam

84 952 347 992 senectutem
392 948 639 1003 tragoedias
687 948 809 1002 fecit;
859 948 972 1002 quod
1016 950 1195 1002 propter
1239 947 1427 988 studium

30 1025 63 1051 15
83 1023 179 1051 cum
217 1023 308 1049 rem
345 1008 576 1062 neglegere
614 1006 874 1049 familiarem
911 1006 1146 1059 videretur,
1183 1021 1209 1047 a
1245 1006 1346 1046 filiis
1384 1006 1428 1047 in

82 1066 285 1109 iudicium
328 1070 506 1108 vocatus
552 1068 636 1120 est,
678 1068 747 1120 ut,
791 1079 917 1119 quem
962 1064 1016 1106 ad
1059 1064 1234 1106 modum
1277 1066 1428 1105 nostro

84 1140 201 1168 more
239 1125 352 1166 male
389 1136 480 1166 rem
524 1124 773 1180 gerentibus
818 1123 1016 1178 patribus
1061 1123 1187 1164 bonis
1230 1122 1429 1165 interdici

84 1185 207 1238 solet,
239 1184 299 1225 sic
329 1183 452 1225 illum
484 1183 608 1237 quasi
634 1182 915 1238 desipientem
941 1197 966 1224 a
992 1196 1037 1223 re
1062 1181 1269 1223 familiari
1294 1196 1429 1223 remo-

83 1245 232 1286 verent
257 1242 430 1284 iudices.
472 1241 582 1283 Tum
610 1256 736 1283 senex
764 1241 918 1283 dicitur
944 1255 1038 1282 eam
1064 1240 1270 1294 fabulam,
1300 1255 1427 1295 quam

30 1303 128 1345 eoin
160 1302 357 1343 manibus
390 1301 580 1343 habebat
617 1304 660 1342 et
698 1300 892 1355 proxime
931 1300 1181 1354 scripserat,
1219 1298 1426 1354 Oedipum

84 1360 332 1411 Coloneum,
363 1360 566 1402 recitasse
597 1359 808 1401 iudicibus
839 1359 1154 1414 quaesisseque,
1185 1373 1289 1400 num
1320 1358 1428 1399 illud

85 1435 256 1463 carmen
288 1419 538 1474 desipientis
570 1418 798 1460 videretur.
860 1416 953 1467 Quo
986 1418 1166 1459 recitato
1202 1418 1428 1459 sententiis

84 1479 270 1521 iudicum
304 1481 369 1519 est
400 1478 621 1519 liberatus.
670 1476 786 1518 Num
818 1476 953 1532 igitur
983 1476 1108 1530 hunc,
1139 1491 1243 1526 num
1274 1476 1430 1518 Home·

84 1553 198 1592 rum,
229 1536 478 1591 Hesiodum,
511 1536 793 1590 Simonidem,
824 1534 1137 1589 Stesichorum,
1166 1549 1289 1589 num,
1321 1549 1428 1589 quos

32 1612 66 1639 25
86 1600 186 1640 ante
231 1596 338 1650 dixi,
380 1595 622 1650 Isocraten,
666 1569 881 1650 Gorgian,
922 1609 1027 1636 num
1070 1569 1428 1649 philosophorum

84 1655 319 1712 principes,
356 1654 671 1710 Pythagoram,
702 1628 1017 1708 Demociitum,
1056 1668 1160 1694 num
1191 1652 1430 1707 Platonem,

85 1729 188 1757 num
230 1713 520 1769 Xenocraten,
561 1728 665 1755 num
708 1716 860 1768 postea
898 1711 1129 1766 Zenonem,
1174 1710 1427 1754 Cleanthem

86 1776 161 1816 aut
193 1787 308 1827 eum,
349 1787 476 1827 quem
507 1786 584 1815 vos
616 1772 747 1813 etiam
778 1771 947 1812 vidistis
980 1771 1160 1825 Romae,
1191 1770 1430 1826 Diogenem

87 1831 290 1886 Stoicum,
321 1831 464 1886 coegit
494 1832 539 1873 in
571 1830 657 1873 suis
692 1830 844 1871 studiis
878 1830 1172 1872 obmutescere
1205 1829 1429 1871 senectus?

35 1906 69 1933 so
88 1906 142 1934 an
179 1891 225 1932 in
263 1890 461 1933 omnibus
498 1890 567 1931 his
600 1889 840 1931 studiorum
873 1888 1056 1944 agitatio
1088 1889 1204 1930 vitae
1236 1888 1429 1943 aequalis

85 1949 198 1992 fuit?
259 1948 372 2005 Age,
403 1952 452 1991 ut
482 1949 569 1991 ista
600 1948 745 1990 divina
777 1948 919 1990 studia
950 1947 1221 2002 omittamus,
1251 1962 1429 2003 possum

86 2008 308 2050 nominare
346 2023 397 2049 ex
434 2022 540 2064 agro
578 2005 738 2049 Sabino
776 2007 961 2048 rusticos
993 2007 1230 2061 Romanos,
1265 2006 1429 2048 vicinos

88 2070 132 2110 et
161 2067 398 2109 familiares
429 2080 566 2122 meos,
604 2067 759 2121 quibus
792 2065 1043 2108 absentibus
1074 2079 1310 2120 numquam
1341 2065 1430 2107 fere

88 2126 178 2168 ulla
214 2126 260 2167 in
297 2139 401 2181 agro
439 2100 604 2168 maiora
641 2140 772 2180 opera
809 2125 936 2179 fiunt,
975 2139 1061 2166 non
1100 2124 1307 2179 serendis,
1344 2138 1430 2166 non

35 2199 69 2226 ³5
87 2184 390 2240 percipiendis„
420 2199 507 2227 non
538 2184 767 2227 condendis
799 2183 1026 2226 fructibus.
1086 2180 1355 2237 Quamquam
1385 2183 1432 2224 in

89 2243 185 2285 aliis
218 2243 358 2285 minus
384 2243 465 2286 hoc
493 2243 650 2285 mirum
676 2246 760 2298 est,
790 2257 917 2284 nemo
944 2242 1056 2283 enim
1083 2245 1149 2284 est
1174 2245 1265 2283 tam
1292 2256 1431 2297 senex,

87 2301 160 2357 qui
191 2315 236 2343 se
275 2316 434 2344 annum
473 2316 561 2344 non
598 2305 722 2358 putet
759 2316 887 2357 posse
924 2301 1085 2355 vivere3
1125 2301 1199 2342 sed
1236 2301 1349 2342 idem
1387 2300 1431 2342 in

1453 665 1497 696 22

1455 1487 1500 1519 23
