1673 2505
254 86 339 127 260
769 82 1069 119 FRAGMENTA

251 194 357 235 nelio
394 193 565 234 dixerat.
627 190 707 234 Sex
743 191 1012 244 competitores
1048 190 1094 232 in
1130 191 1362 232 consulatus
1397 191 1591 244 petitione

253 252 388 294 Cicero
431 251 591 301 habuit,
640 251 741 291 duos
775 249 993 302 patricios,
1037 248 1085 290 P.
1129 248 1358 302 Sulpicium
1403 248 1589 303 Galbam,

252 311 301 352 L.
327 310 514 363 Seryium
540 307 776 361 Catilinam,
808 311 998 360 quattuor
1022 307 1206 361 plebeios,
1237 321 1287 349 ex
1317 308 1460 360 quibus
1490 309 1591 349 duos

252 369 413 421 nobiles,
440 366 481 409 C.
507 367 748 418 Antonium,
774 366 836 408 M.
864 367 1025 407 Antoni
1049 367 1222 408 oratoris
1246 367 1391 420 filium,
1422 366 1472 408 L.
1495 366 1590 409 Cas-

252 429 360 470 sium
385 427 631 479 Lonyinum,
662 426 773 475 duos,
804 426 875 477 qui
900 428 1060 466 tantum
1083 438 1166 466 non
1183 426 1316 477 primi
1340 439 1387 467 ex
1415 425 1592 477 familiis
1629 437 1645 463 5

252 487 338 528 suis
368 486 654 538 mayistratum
683 484 819 536 adepti
848 486 976 534 erant,
1010 483 1054 534 Q.
1075 482 1338 536 Cornificium
1363 487 1399 525 et
1423 483 1465 526 C.
1486 484 1593 525 Lici-

252 546 368 586 nium
389 543 655 585 Sacerdotem.
698 542 818 584 Solus
845 541 979 584 Cicero
1005 555 1053 583 ex
1077 542 1397 594 competitoribus
1422 543 1593 596 equestri

253 606 341 644 erat
372 603 452 644 loco
483 605 605 643 natus
636 604 753 654 atque
783 601 829 642 in
851 601 1049 654 petitione
1072 604 1235 653 patrem
1265 601 1414 642 amisit.
1465 601 1594 643 Ceteri

253 663 339 703 eius
369 661 639 714 competitores
670 660 839 701 modeste
868 673 907 701 se
934 672 1097 713 yessere,
1128 660 1280 712 visique
1309 663 1404 701 sunt
1430 660 1474 712 Q.
1498 659 1592 701 Cor-

252 721 417 773 nificius
453 723 491 760 et
527 718 662 761 Galba
697 718 822 760 sobrii
857 731 904 759 ac
941 719 1071 760 sancti
1107 718 1206 768 viri,
1243 717 1438 760 Sacerdos
1473 718 1591 759 nulla
1614 732 1646 756 10

253 779 510 831 improbitate
545 781 683 830 notus,
725 775 892 819 Cassius
928 777 1114 829 quamvis
1144 777 1315 818 stolidus
1346 780 1432 818 tuni
1462 777 1594 830 mayis

253 851 377 890 quam
409 836 614 889 improbus
637 836 847 889 videretur,
871 839 967 888 post
982 848 1138 888 paucos
1162 848 1314 876 menses
1337 836 1383 876 in
1408 836 1593 876 coniura-

254 897 361 937 tione
398 894 602 937 Catilinae
643 907 724 936 esse
766 907 856 935 eum
899 894 1096 947 apparuit
1133 907 1181 935 ac
1217 894 1594 936 cruentissimarum

253 955 545 996 sententiarum
573 953 701 1005 fuisse
730 955 942 994 auctorem.
1002 952 1149 1004 Itaque
1178 952 1222 993 lii
1254 955 1444 1004 quattuor
1466 966 1595 1005 prope

254 1013 461 1063 iacebant;
488 1011 671 1054 Catilina
690 1015 824 1053 autem
843 1014 881 1052 et
897 1011 1116 1061 Antonius,
1142 1024 1391 1064 quamquam
1411 1012 1594 1052 omnium
1615 1023 1646 1049 15

254 1073 433 1114 maxime
467 1071 640 1123 infamis
676 1083 815 1112 eorum
851 1070 935 1111 vita
972 1073 1084 1122 esset,
1123 1073 1257 1111 tamen
1287 1070 1462 1111 multum
1484 1073 1594 1122 pote-

254 1134 362 1172 rant.
405 1129 597 1172 Coierant
619 1130 727 1171 enim
751 1128 881 1182 ambo,
911 1132 958 1169 ut
981 1127 1209 1170 Ciceronem
1234 1129 1445 1170 consulatu
1475 1129 1595 1170 deice-

254 1193 355 1242 rent,
387 1188 643 1230 adiutoribus
666 1188 733 1229 usi
756 1187 1008 1240 firmissimis
1032 1187 1094 1228 M.
1117 1186 1263 1228 Crasso
1288 1190 1325 1228 et
1350 1186 1392 1229 C.
1413 1186 1595 1228 Caesare.

254 1248 401 1301 Itaque
438 1247 533 1288 haec
571 1247 701 1288 oratio
736 1249 878 1288 contra
908 1246 1011 1287 solos
1043 1245 1268 1287 Catilinam
1299 1249 1335 1286 et
1364 1245 1595 1287 Antonium

254 1309 320 1349 est.
366 1305 503 1348 Causa
527 1306 724 1347 orationis
748 1305 870 1345 liuius
893 1305 1003 1345 modi
1028 1305 1073 1345 in
1097 1307 1240 1345 senatu
1264 1303 1469 1346 habendae
1487 1304 1594 1346 Cice-
1615 1316 1646 1341 20

254 1366 347 1407 roni
374 1365 475 1418 fuit,
514 1364 634 1417 quod,
674 1377 765 1405 cum
796 1364 842 1404 in
872 1364 955 1404 dies
987 1363 1148 1404 licentia
1178 1363 1354 1404 ambitus
1384 1366 1596 1416 duceretur

253 1427 417 1477 propter
439 1424 708 1476 praecipuam
740 1420 944 1463 Catilinae
979 1424 1017 1462 et
1045 1421 1203 1463 Antoni
1240 1422 1475 1476 audaciam,
1511 1435 1596 1464 cen-

255 1485 393 1524 suerat
422 1484 601 1535 senatus,
638 1484 685 1522 ut
721 1481 784 1522 leoc
813 1480 990 1521 ambitus
1027 1483 1147 1521 aucta
1184 1481 1306 1521 etiam
1343 1494 1433 1521 cum
1461 1494 1596 1534 poena

256 1541 453 1593 ferretum
480 1541 591 1592 eique
608 1540 668 1581 rei
689 1539 733 1591 Q.
752 1539 920 1580 Mucius
942 1538 1151 1580 Orestinus
1171 1542 1218 1580 tr.
1230 1539 1290 1591 pl.
1312 1540 1595 1581 intercesserat.

257 1600 364 1641 Tum
401 1598 536 1640 Cicero
570 1599 750 1651 yi‘avitcr
791 1601 934 1639 senatu
969 1597 1288 1639 intercessionem
1322 1598 1472 1649 ferente
1507 1611 1594 1639 sur-
1615 1608 1643 1634 25

254 1659 360 1700 rexit
400 1661 520 1710 atque
563 1658 608 1698 in
649 1657 859 1698 coitionem
902 1655 1106 1698 Catilinae
1147 1659 1185 1698 et
1219 1656 1379 1698 Antoni
1419 1657 1596 1699 invectus

255 1720 312 1758 est
341 1720 435 1757 ante
465 1716 548 1758 dies
579 1716 833 1757 comitiormn
856 1727 1021 1767 paucos.

755 1817 1096 1853 ENARRATJO:

347 1892 381 1932 1.
413 1891 540 1944 Dico,
576 1890 622 1931 P.
656 1889 713 1944 O,
752 1890 970 1945 superiore
1001 1892 1126 1932 noete
1158 1890 1377 1932 cuiusdam
1408 1890 1594 1932 hominis

254 1949 413 1991 nobilis
453 1952 495 1990 et
532 1949 657 1990 valde
695 1949 740 1989 in
776 1949 858 1990 hoo
896 1949 1140 2004 largitionis
1182 1951 1363 2003 quaestu
1402 1949 1516 1990 docti
1554 1952 1596 1990 effi
1615 1960 1638 1984 3(

256 2008 419 2063 cogniti
446 2008 620 2049 domum
645 2006 878 2048 Catilinam
906 2009 948 2048 ei:
972 2007 1210 2049 Antonium
1242 2023 1337 2050 eum
1370 2008 1596 2062 sequestri-

255 2067 335 2107 bus
369 2066 455 2107 suis
490 2066 749 2107 convenisse.

403 2125 494 2166 Aut
523 2124 565 2167 C.
597 2124 786 2167 Caesaris
817 2127 892 2166 aut
919 2124 982 2166 M.
1009 2123 1151 2166 Crassi
1179 2125 1341 2166 domum
1372 2125 1594 2178 siynificat;

314 2184 351 2224 ci
392 2184 501 2224 enim
543 2184 733 2224 acerrimi
775 2197 824 2224 ac
863 2183 1138 2236 potentissimi
1184 2183 1354 2235 ficerunt
1395 2183 1598 2225 Ciceronis

314 2241 595 2295 refraqatores,
627 2256 717 2283 cum
741 2243 863 2294 petiit
892 2242 1155 2295 consulatum,
1187 2243 1294 2294 quod
1322 2243 1408 2284 eius
1438 2243 1484 2283 in
1514 2243 1598 2284 dics
1616 2252 1635 2278 34

316 2300 471 2341 civilem
497 2313 665 2342 crescere
689 2301 926 2353 diqnitatcm
945 2301 1338 2350 animadvertebant‚·
1365 2304 1402 2342 et
1425 2300 1497 2342 lioc
1515 2301 1598 2353 ipse
