1673 2505
531 57 631 92 CAP.
658 61 691 102 8,
718 62 750 94 9.
801 61 822 100 ς
848 61 998 93 26—33.
1357 59 1444 100 223

100 201 108 208 .
130 201 137 208 .
159 200 167 208 .
186 166 253 208 ius
278 169 435 207 natura
466 168 746 219 converteret,
772 167 821 206 ut
847 167 1007 206 terram
1033 164 1160 206 lunae
1180 179 1328 207 cursus
1349 181 1443 220 pro-

98 226 212 266 xime
244 224 429 265 ambiret
467 223 589 277 eique
627 237 759 278 supra
797 226 954 265 terram
990 223 1188 278 proxima
1226 223 1329 265 solis
1368 226 1443 264 cir-

98 282 336 325 cumvectio
381 284 506 324 esset.
575 281 746 323 Lucifer
790 281 940 323 deinde
978 284 1022 322 et
1067 284 1216 323 sancta
1258 281 1444 323 Mercuri

99 341 227 383 stella
258 354 428 383 cursum
460 340 623 381 habent
658 340 762 382 solis
800 339 1015 382 celeritati
1045 354 1212 394 parem,
1250 339 1323 381 sed
1355 340 1443 381 vim

99 399 314 454 quandam
346 398 620 451 contrariam,
653 412 785 453 eaque
817 398 1156 451 concursatione,
1186 412 1310 451 quam
1329 398 1444 439 inter

62 471 76 495 5
99 472 144 499 se
174 457 339 499 habent
368 456 558 510 Lucifer,
595 456 850 509 Mercurius,
889 457 974 511 sol,
1013 456 1087 498 alii
1119 456 1228 498 alios
1266 456 1444 498 vincunt

97 516 372 570 vicissimque
391 515 631 557 vincuntur.
673 515 955 570 Reliquorum
976 515 1165 557 siderum
1185 529 1294 569 quae
1315 529 1444 556 causa

96 574 336 617 collocandi
373 573 522 627 fuerit,
572 588 765 628 quaeque
805 588 952 615 eorum
996 574 1053 615 sit
1096 573 1354 625 conlocatio,
1398 574 1443 614 in

98 647 339 675 sermonem
372 632 504 674 alium
539 632 818 674 differendum
851 635 935 685 est,
966 647 1019 673 ne
1051 632 1096 673 in
1128 646 1196 687 eo,
1234 632 1348 687 quod
1382 635 1442 673 at-

97 691 351 747 tingendum
369 690 465 745 fuit,
492 706 621 745 quam
640 691 684 732 in
706 705 767 744 eo,
788 691 940 745 quoius
961 705 1091 732 causa
1109 690 1153 731 id
1173 691 1443 746 attingimus,

45 762 77 786 10
97 751 270 806 longior
301 752 489 804 ponatur
528 749 678 791 oratio.
741 748 919 798 Quando
958 749 1093 804 igitur
1126 749 1210 790 sibi
1247 749 1443 804 quodque

97 823 244 850 eorum
277 808 464 849 siderum
497 822 668 850 cursum
701 808 901 850 decorum
934 811 1000 849 est
1027 807 1243 863 adeptum,
1276 822 1325 849 ex
1353 808 1442 862 qui-

95 868 176 909 bus
209 869 303 909 erat
335 867 487 908 modus
519 866 728 922 temporis
761 866 1092 922 consignandus,
1124 866 1442 921 conligatisque

96 926 349 980 corporibus
388 925 571 967 vinculis
616 925 874 967 animalibus
920 925 1159 966 animantia
1202 928 1299 966 orta
1343 927 1443 966 sunt

97 998 230 1038 eaque
261 983 443 1038 imperio
474 997 625 1038 parere
652 983 907 1037 didicerunt,
944 986 1038 1024 tum
1072 997 1121 1024 ex
1161 983 1339 1024 alterius
1370 997 1443 1024 na-

43 1054 76 1079 15
96 1045 218 1084 turae
250 1043 440 1084 motione
472 1045 720 1083 transversa
751 1041 797 1082 in
829 1041 1019 1082 eiusdem
1058 1044 1239 1082 naturae
1276 1045 1442 1082 motum

95 1100 359 1143 incurrentia
382 1100 428 1141 in
454 1114 587 1154 eaque
607 1100 831 1141 haerentia
851 1103 980 1154 atque
1000 1099 1206 1154 inpedita,
1231 1114 1327 1141 cum
1355 1100 1442 1141 alia

96 1159 303 1201 maiorem
326 1159 564 1200 lustrarent
590 1158 752 1211 orbem,
785 1158 871 1200 alia
892 1158 1113 1211 minorem,
1139 1158 1305 1199 tardius
1333 1172 1443 1212 quae

96 1218 315 1271 maiorem,
347 1217 526 1259 celerius
554 1231 662 1271 quae
688 1217 910 1271 minorem,
942 1219 1064 1258 motu
1089 1216 1215 1257 unius
1237 1217 1442 1257 eiusdem-

97 1291 178 1331 que
208 1278 389 1318 naturae
422 1290 530 1330 quae
562 1275 831 1317 velocissime
863 1275 1168 1328 movebantur,
1206 1289 1256 1316 ea
1297 1274 1441 1316 celeri-

44 1347 77 1373 20
95 1338 186 1376 tate
217 1334 331 1376 vinci
362 1349 388 1376 a
418 1334 682 1375 tardioribus
715 1336 769 1388 et,
801 1348 897 1375 cum
931 1333 1212 1388 superabant,
1248 1334 1442 1388 superari

96 1393 364 1435 videbantur.
426 1392 576 1434 Omnis
615 1392 727 1434 enim
769 1392 885 1434 orbis
925 1407 1073 1434 eorum
1116 1392 1240 1446 quasi
1277 1391 1441 1433 helicae

95 1452 322 1494 inflexione
348 1451 558 1505 vertebat,
590 1451 691 1506 quia
716 1450 918 1492 bifariam
945 1451 1160 1493 contrarie
1187 1450 1316 1491 simul
1342 1465 1441 1505 pro-

96 1510 291 1553 cedentia
330 1510 591 1563 efficiebant,
634 1512 700 1563 ut,
739 1510 851 1564 quod
890 1512 1003 1551 esset
1040 1509 1356 1563 tardissimum,
1399 1508 1443 1550 id

94 1569 339 1625 proximum
370 1569 493 1610 fieret
531 1568 764 1610 celerrimo.
826 1568 972 1622 Atque
1009 1570 1058 1609 ut
1090 1570 1204 1609 esset
1241 1582 1444 1609 mensura

43 1640 77 1666 25
98 1628 308 1683 quaedam
352 1627 542 1681 evidens,
593 1641 701 1682 quae
744 1627 789 1668 in
827 1629 924 1668 octo
963 1626 1158 1668 cursibus
1197 1626 1442 1668 celeritates

95 1687 408 1740 tarditatesque
441 1685 690 1739 declararet,
716 1685 817 1727 deus
849 1685 942 1740 ipse
975 1685 1110 1726 solem
1143 1685 1265 1739 quasi
1297 1685 1442 1726 lumen

97 1745 288 1788 accendit
313 1745 366 1786 ad
392 1744 625 1786 secundum
651 1758 781 1799 supra
806 1747 968 1785 terram
989 1743 1212 1796 ambitum,
1238 1745 1287 1784 ut
1312 1758 1441 1797 quam

96 1804 280 1845 maxime
333 1803 498 1845 caelum
556 1802 756 1844 omnibus
811 1803 1055 1844 conluceret
1104 1802 1442 1856 animantesque,

97 1863 250 1917 quibus
281 1862 347 1904 ius
380 1864 494 1903 esset
525 1861 678 1915 doceri,
711 1861 764 1902 ab
798 1861 988 1902 eiusdem
1019 1862 1142 1902 motu
1174 1863 1217 1902 et
1249 1860 1303 1902 ab
1337 1861 1440 1914 eius,

97 1921 210 1976 quod
235 1920 375 1962 simile
402 1923 527 1973 esset,
557 1934 833 1961 numerorum
859 1922 1061 1961 naturam
1085 1919 1258 1973 vimque
1287 1933 1442 1975 cogno-

97 1982 273 2021 scerent.
333 1978 430 2020 Nox
466 1979 602 2034 igitur
634 1981 677 2020 et
714 1979 803 2019 dies
843 1978 895 2019 ad
933 1978 1046 2019 hunc
1084 1977 1259 2019 modum
1297 1980 1340 2019 et
1386 1978 1440 2018 ob

44 2049 77 2075 30
95 2038 175 2080 has
220 2040 424 2093 generata
468 2051 618 2079 causas
661 2052 794 2079 unum
838 2037 1107 2079 circumitum
1151 2036 1268 2078 orbis
1309 2035 1442 2078 efficit

98 2096 463 2151 sapientissimum
495 2095 874 2151 atque-optimum,
899 2095 1059 2136 mensis
1087 2097 1243 2149 autem,
1270 2095 1440 2149 quando

97 2155 200 2196 luna
237 2155 424 2196 lustrato
466 2169 542 2196 suo
575 2169 702 2197 eursu
741 2154 876 2196 solem
914 2156 1143 2196 consecuta
1175 2156 1259 2208 est,
1292 2168 1440 2207 annus,

96 2213 172 2254 ubi
216 2213 281 2255 sol
323 2228 446 2255 suum
486 2215 627 2255 totum
671 2212 855 2255 confecit
899 2214 942 2254 et
983 2212 1235 2268 peragravit
1279 2213 1438 2254 orbem.

98 2270 351 2313 Ceterorum
378 2273 520 2314 autem
549 2271 736 2313 siderum
757 2271 946 2313 ambitus
966 2271 1217 2326 ignorantes
1243 2271 1438 2312 homines

1469 525 1515 557 30

1468 1402 1510 1434 31

1467 1988 1512 2019 32

1466 2280 1510 2311 33
