1673 2505
553 56 652 92 CAP.
680 62 771 93 c—8
820 61 839 100 s
865 61 1015 94 20—26.
1371 60 1454 101 221

115 164 347 206 intervalla
372 164 541 218 explere
567 164 705 217 partis
730 178 877 205 rursus
903 178 954 205 ex
979 166 1073 208 toto
1098 164 1317 218 desecans;
1351 180 1456 219 quas

117 224 163 265 in
193 222 433 263 intervallis
465 222 528 263 ita
560 222 751 276 locabat,
794 224 843 263 ut
878 222 923 263 in
954 222 1137 277 singulis
1176 226 1319 264 essent
1355 224 1458 265 bina

117 281 257 323 media
281 279 370 335 (vix
391 280 503 321 enim
524 280 658 321 audeo
676 280 813 322 dicere
835 280 1158 333 medietates,
1178 295 1284 334 quas
1305 280 1457 323 Graeci

116 337 355 393 μεσότητας
385 338 625 393 appellant;
665 338 736 379 sed
764 339 886 392 quasi
916 339 979 380 ita
1011 338 1202 392 dixerim,
1233 339 1458 395 intellega-

81 410 96 434 5
116 401 205 452 tur;
243 397 325 438 erit
363 397 476 437 enim
514 395 718 452 planius),
756 411 901 438 earum
935 397 1117 438 alteram
1149 397 1296 438 eadem
1333 401 1457 452 parte

115 457 410 510 praestantem
448 455 645 496 extremis
690 455 921 509 eademque
965 457 1229 510 superatam,
1274 456 1457 497 alteram

116 514 210 568 pari
240 527 419 554 numero
445 515 737 568 praestantem
765 514 966 554 extremis
992 514 1171 568 parique
1198 517 1458 569 superatam.

116 571 417 626 Sesquialteris
450 574 595 612 autem
626 572 868 613 intervallis
901 574 944 613 et
976 572 1263 627 sesquitertiis
1295 575 1338 614 et
1373 587 1456 614 ses-

116 630 355 685 quioctavis
401 630 586 685 sumptis
624 644 674 671 ex
712 630 779 671 his
824 630 1189 686 conligationibus
1221 631 1267 672 in
1304 631 1455 685 primis

64 702 96 726 10
114 689 357 730 intervallis
396 689 694 742 sesquioctavo
732 689 961 730 intervallo
1000 689 1275 743 sesquitertia
1313 690 1457 732 omnia

114 747 326 802 explebat,
352 762 447 788 cum
467 747 725 801 particulam
745 747 1015 802 singulorum
1034 748 1307 802 relinqueret.
1350 748 1455 790 Eius

114 809 257 847 autem
295 806 530 860 particulae
574 806 804 847 intervallo
843 806 993 848 relicto
1030 806 1222 848 habebat
1263 820 1458 849 numerus

112 866 170 906 ad
196 879 421 905 numerum
453 864 630 905 eandem
668 864 993 919 proportionem
1031 865 1458 920 conparationemque

113 923 158 964 in
189 923 412 976 extremis,
457 937 585 977 quam
622 923 784 964 habent
822 923 1003 964 ducenta
1036 923 1351 978 quinquaginta
1386 938 1457 966 sex

63 992 95 1017 ¹5
114 995 210 1023 cum
231 980 422 1023 ducentis
444 981 733 1036 quadraginta
763 981 916 1031 tribus,
948 983 1077 1035 atque
1107 982 1171 1022 ita
1195 982 1456 1036 permixtum

112 1039 239 1092 illud,
282 1054 332 1080 ex
364 1054 447 1093 quo
479 1040 584 1081 haec
616 1040 768 1092 secuit,
816 1039 905 1080 iam
949 1054 1074 1081 omne
1118 1044 1455 1095 consumpserat.

113 1097 236 1139 Hanc
266 1097 401 1152 igitur
433 1112 603 1138 omnem
635 1098 978 1139 coniunctionem
1010 1098 1224 1152 duplicem
1250 1099 1295 1139 in
1320 1099 1457 1154 longi-

113 1156 305 1197 tudinem
325 1155 481 1196 diffidit
502 1156 750 1210 mediaeque
776 1156 1102 1198 accommodans
1124 1156 1309 1198 mediam
1333 1158 1456 1211 quasi

114 1214 374 1268 decussavit,
410 1214 560 1255 deinde
590 1214 636 1255 in
673 1214 821 1256 orbem
853 1215 1045 1268 intorsit,
1086 1217 1135 1256 ut
1168 1217 1211 1256 et
1241 1215 1362 1269 ipsae
1395 1230 1456 1257 se-

61 1285 94 1309 20
114 1288 210 1314 cum
236 1275 279 1314 et
302 1272 416 1314 inter
444 1287 488 1314 se
520 1287 571 1314 ex
602 1273 896 1327 commissura,
929 1288 1036 1327 quae
1070 1287 1091 1314 e
1122 1273 1299 1328 regione
1331 1276 1456 1326 esset,

112 1332 402 1387 iungerentur,
435 1345 568 1386 eoque
601 1334 734 1383 motu,
760 1331 878 1373 cuius
905 1332 1022 1373 orbis
1049 1346 1218 1386 semper
1242 1332 1287 1372 in
1308 1332 1455 1373 eodem

114 1393 207 1432 erat
236 1390 468 1444 eodemque
494 1390 620 1431 modo
647 1390 851 1444 ciebatur,
878 1390 1063 1444 undique
1090 1393 1157 1431 est
1182 1404 1254 1432 eas
1281 1390 1456 1432 circum-

113 1448 277 1503 plexus.
320 1447 464 1502 Atque
496 1448 558 1490 ita
589 1463 685 1490 eum
717 1449 903 1490 alterum
936 1451 1049 1490 esset
1086 1449 1361 1503 exteriorem,
1397 1450 1455 1491 al-

114 1511 243 1548 terum
274 1508 504 1548 interiorem
537 1508 759 1562 amplexus
792 1508 960 1561 orbem,
998 1507 1123 1548 illum
1162 1507 1353 1563 eiusdem
1383 1523 1455 1550 na·

61 1576 95 1602 25
113 1567 253 1619 turae,
289 1565 403 1607 hunc
433 1565 612 1607 alterius
644 1566 813 1607 notavit
851 1580 1048 1620 eamque,
1086 1580 1194 1620 quae
1226 1569 1320 1607 erat
1351 1566 1458 1608 eius—

114 1624 228 1675 dem,
255 1623 437 1665 detorsit
460 1638 485 1665 a
511 1624 644 1665 latere
664 1623 710 1665 in
730 1624 949 1666 dexteram
968 1626 1150 1679 partem,
1174 1624 1286 1666 hanc
1313 1628 1458 1666 autem

114 1682 305 1724 citimam
337 1697 363 1723 a
394 1682 591 1723 mediana
622 1683 737 1724 linea
768 1682 923 1724 direxit
949 1683 1002 1724 ad
1028 1683 1208 1736 laevam,
1241 1683 1313 1724 sed
1345 1684 1458 1738 prin-

114 1741 305 1795 cipatum
334 1740 451 1782 dedit
483 1741 706 1795 superiori,
739 1756 868 1795 quam
901 1741 1039 1783 solam
1070 1741 1337 1783 individuam
1363 1742 1458 1783 reli—

115 1799 220 1854 quit.
280 1798 535 1841 Interiorem
568 1801 712 1840 autem
745 1815 841 1841 cum
872 1799 917 1841 in
949 1814 1022 1841 sex
1052 1800 1192 1854 partis
1228 1800 1457 1854 divisisset,

60 1868 94 1894 3ο
114 1860 280 1912 septem
311 1858 428 1899 orbis
462 1857 654 1912 dispares
688 1858 818 1913 duplo
857 1861 900 1899 et
932 1858 1063 1913 triplo
1101 1859 1333 1900 intervallo
1371 1873 1458 1901 mo-

111 1916 204 1958 veri
233 1916 361 1957 iussit
393 1916 620 1958 contrariis
651 1916 764 1957 inter
796 1931 840 1958 se
866 1917 1072 1958 cursibus.
1123 1917 1286 1959 Eorum
1313 1919 1458 1959 autem

112 1974 245 2015 trium
276 1974 378 2016 fecit
409 1989 535 2029 pares
567 1975 822 2029 celeritates,
855 1975 929 2016 sed
962 1978 1167 2030 quattuor
1199 1978 1242 2017 et
1273 1975 1386 2017 inter
1413 1990 1457 2017 se

114 2033 305 2088 dispares
337 2035 381 2075 et
413 2033 635 2075 dissimilis
667 2034 800 2075 trium
831 2034 1106 2088 reliquorum.

200 2091 406 2133 Animum
448 2091 583 2148 igitur
626 2107 723 2134 eum
765 2093 840 2134 ille
878 2095 1128 2147 procreator
1165 2092 1313 2134 mundi
1354 2093 1457 2134 deus

59 2161 93 2186 35
113 2164 163 2191 ex
183 2163 261 2191 sua
280 2152 422 2192 mente
440 2153 483 2192 et
503 2151 726 2192 voluntate
748 2151 980 2206 genuisset,
998 2154 1092 2192 tum
1117 2151 1299 2206 denique
1320 2166 1457 2204 omne,

112 2208 226 2262 quod
263 2211 357 2250 erat
393 2211 639 2251 concretum
678 2212 807 2264 atque
844 2224 1115 2264 corporeum,
1153 2210 1458 2251 substernebat

113 2266 255 2308 animo
292 2266 558 2322 interiusque
596 2267 784 2310 faciebat
823 2271 951 2322 atque
989 2268 1053 2310 ita
1089 2268 1230 2310 medio
1268 2268 1456 2309 medium

1484 761 1527 792 24

1484 1460 1526 1490 25

1484 2119 1527 2149 26
