<?xml version="1.0" encoding="UTF-8"?>
<!DOCTYPE html PUBLIC "-//W3C//DTD XHTML 1.0 Transitional//EN"
    "http://www.w3.org/TR/xhtml1/DTD/xhtml1-transitional.dtd">
<html xmlns="http://www.w3.org/1999/xhtml" xml:lang="en" lang="en">
 <head>
  <title>
</title>
<meta http-equiv="Content-Type" content="text/html;charset=utf-8" />
  <meta name='ocr-system' content='tesseract 3.04.00' />
  <meta name='ocr-capabilities' content='ocr_page ocr_carea ocr_par ocr_line ocrx_word'/>
</head>
<body>
  <div class='ocr_page' id='page_1' title='image "./p3scriptaquaemanse04ciceuoft_0255.png"; bbox 0 0 1663 2490; ppageno 0'>
   <div class='ocr_carea' id='block_1_1' title="bbox 523 62 1423 106">
    <p class='ocr_par' dir='ltr' id='par_1_1' title="bbox 523 62 1423 106">
     <span class='ocr_line' id='line_1_1' title="bbox 523 62 1423 106; baseline 0.002 -8"><span class='ocrx_word' id='word_1_1' title='bbox 523 63 624 99; x_wconf 80' lang='grc' dir='ltr'><strong>ΟΑΡ,</strong></span> <span class='ocrx_word' id='word_1_2' title='bbox 655 68 801 99; x_wconf 16' lang='grc'><strong>197-21.</strong></span> <span class='ocrx_word' id='word_1_3' title='bbox 851 67 871 106; x_wconf 65' lang='grc' dir='ltr'>ξ</span> <span class='ocrx_word' id='word_1_4' title='bbox 898 67 1046 98; x_wconf 76' lang='lat'><strong>70—7‘1.</strong></span> <span class='ocrx_word' id='word_1_5' title='bbox 1345 62 1423 105; x_wconf 80' lang='lat'><strong>187</strong></span> 
     </span>
    </p>
   </div>
   <div class='ocr_carea' id='block_1_2' title="bbox 0 170 1429 1224">
    <p class='ocr_par' dir='ltr' id='par_1_2' title="bbox 0 170 1429 1224">
     <span class='ocr_line' id='line_1_2' title="bbox 87 170 1426 225; baseline -0.001 -11"><span class='ocrx_word' id='word_1_6' title='bbox 87 172 352 215; x_wconf 76' lang='lat' dir='ltr'><strong>aestimandi.</strong></span> <span class='ocrx_word' id='word_1_7' title='bbox 413 171 554 212; x_wconf 81' lang='lat' dir='ltr'><strong>Aliter</strong></span> <span class='ocrx_word' id='word_1_8' title='bbox 586 171 799 212; x_wconf 80' lang='lat' dir='ltr'><strong>amicitiae</strong></span> <span class='ocrx_word' id='word_1_9' title='bbox 837 170 1017 212; x_wconf 86' lang='lat' dir='ltr'><strong>stabiles</strong></span> <span class='ocrx_word' id='word_1_10' title='bbox 1058 185 1309 225; x_wconf 89' lang='lat' dir='ltr'><strong>permanere</strong></span> <span class='ocrx_word' id='word_1_11' title='bbox 1340 185 1426 213; x_wconf 89' lang='lat' dir='ltr'><strong>non</strong></span> 
     </span>
     <span class='ocr_line' id='line_1_3' title="bbox 87 229 1424 287; baseline -0.003 -14"><span class='ocrx_word' id='word_1_12' title='bbox 87 233 279 287; x_wconf 89' lang='lat' dir='ltr'><strong>possunt.</strong></span> <span class='ocrx_word' id='word_1_13' title='bbox 340 229 546 284; x_wconf 86' lang='lat' dir='ltr'><strong>Dispares</strong></span> <span class='ocrx_word' id='word_1_14' title='bbox 591 230 703 270; x_wconf 90' lang='lat' dir='ltr'><strong>enim</strong></span> <span class='ocrx_word' id='word_1_15' title='bbox 748 244 906 282; x_wconf 90' lang='lat' dir='ltr'><strong>mores,</strong></span> <span class='ocrx_word' id='word_1_16' title='bbox 950 229 1138 283; x_wconf 83' lang='lat' dir='ltr'><strong>disparia</strong></span> <span class='ocrx_word' id='word_1_17' title='bbox 1175 230 1317 270; x_wconf 88' lang='lat' dir='ltr'><strong>studia</strong></span> <span class='ocrx_word' id='word_1_18' title='bbox 1362 244 1424 270; x_wconf 88' lang='lat' dir='ltr'><strong>se-</strong></span> 
     </span>
     <span class='ocr_line' id='line_1_4' title="bbox 88 287 1425 345; baseline -0.001 -14"><span class='ocrx_word' id='word_1_19' title='bbox 88 292 286 345; x_wconf 89' lang='lat' dir='ltr'><strong>quuntur,</strong></span> <span class='ocrx_word' id='word_1_20' title='bbox 319 303 499 342; x_wconf 90' lang='lat' dir='ltr'><strong>quorum</strong></span> <span class='ocrx_word' id='word_1_21' title='bbox 527 287 830 330; x_wconf 78' lang='lat' dir='ltr'><strong>dissimilitudo</strong></span> <span class='ocrx_word' id='word_1_22' title='bbox 858 288 1060 329; x_wconf 90' lang='lat' dir='ltr'><strong>dissociat</strong></span> <span class='ocrx_word' id='word_1_23' title='bbox 1087 288 1318 341; x_wconf 77' lang='lat' dir='ltr'><strong>amicitias3</strong></span> <span class='ocrx_word' id='word_1_24' title='bbox 1349 302 1425 330; x_wconf 88' lang='lat' dir='ltr'><strong>nec</strong></span> 
     </span>
     <span class='ocr_line' id='line_1_5' title="bbox 88 346 1424 401; baseline -0.002 -11"><span class='ocrx_word' id='word_1_25' title='bbox 88 349 142 390; x_wconf 91' lang='lat' dir='ltr'><strong>ob</strong></span> <span class='ocrx_word' id='word_1_26' title='bbox 175 348 303 389; x_wconf 90' lang='lat' dir='ltr'><strong>aliam</strong></span> <span class='ocrx_word' id='word_1_27' title='bbox 336 361 508 388; x_wconf 89' lang='lat' dir='ltr'><strong>causam</strong></span> <span class='ocrx_word' id='word_1_28' title='bbox 540 347 674 388; x_wconf 90' lang='lat' dir='ltr'><strong>ullam</strong></span> <span class='ocrx_word' id='word_1_29' title='bbox 708 347 808 388; x_wconf 87' lang='lat' dir='ltr'><strong>boni</strong></span> <span class='ocrx_word' id='word_1_30' title='bbox 833 346 1054 401; x_wconf 83' lang='lat' dir='ltr'><strong>improbis,</strong></span> <span class='ocrx_word' id='word_1_31' title='bbox 1085 346 1272 401; x_wconf 88' lang='lat' dir='ltr'><strong>improbi</strong></span> <span class='ocrx_word' id='word_1_32' title='bbox 1301 346 1424 387; x_wconf 76' lang='lat' dir='ltr'><strong>bonis</strong></span> 
     </span>
     <span class='ocr_line' id='line_1_6' title="bbox 52 405 1427 460; baseline 0.001 -15"><span class='ocrx_word' id='word_1_33' title='bbox 52 421 67 445; x_wconf 82' lang='lat'>5</span> <span class='ocrx_word' id='word_1_34' title='bbox 88 406 214 448; x_wconf 90' lang='lat' dir='ltr'><strong>amici</strong></span> <span class='ocrx_word' id='word_1_35' title='bbox 246 419 337 447; x_wconf 87' lang='lat' dir='ltr'><strong>esse</strong></span> <span class='ocrx_word' id='word_1_36' title='bbox 369 419 455 446; x_wconf 88' lang='lat' dir='ltr'><strong>non</strong></span> <span class='ocrx_word' id='word_1_37' title='bbox 487 408 681 460; x_wconf 75' lang='lat' dir='ltr'><strong>possunt,</strong></span> <span class='ocrx_word' id='word_1_38' title='bbox 714 406 797 446; x_wconf 87' lang='lat' dir='ltr'><strong>nisi</strong></span> <span class='ocrx_word' id='word_1_39' title='bbox 824 405 936 459; x_wconf 89' lang='lat' dir='ltr'><strong>quod</strong></span> <span class='ocrx_word' id='word_1_40' title='bbox 962 407 1086 446; x_wconf 89' lang='lat' dir='ltr'><strong>tanta</strong></span> <span class='ocrx_word' id='word_1_41' title='bbox 1112 408 1177 446; x_wconf 90' lang='lat' dir='ltr'><strong>est</strong></span> <span class='ocrx_word' id='word_1_42' title='bbox 1203 405 1315 446; x_wconf 89' lang='lat' dir='ltr'><strong>inter</strong></span> <span class='ocrx_word' id='word_1_43' title='bbox 1341 419 1427 458; x_wconf 87' lang='lat' dir='ltr'><strong>eos,</strong></span> 
     </span>
     <span class='ocr_line' id='line_1_7' title="bbox 88 463 1426 520; baseline -0.001 -14"><span class='ocrx_word' id='word_1_44' title='bbox 88 467 249 520; x_wconf 91' lang='lat' dir='ltr'><strong>quanta</strong></span> <span class='ocrx_word' id='word_1_45' title='bbox 280 464 467 505; x_wconf 84' lang='lat' dir='ltr'><strong>maxima</strong></span> <span class='ocrx_word' id='word_1_46' title='bbox 499 467 644 518; x_wconf 90' lang='lat' dir='ltr'><strong>potest</strong></span> <span class='ocrx_word' id='word_1_47' title='bbox 670 478 781 518; x_wconf 87' lang='lat' dir='ltr'><strong>esse,</strong></span> <span class='ocrx_word' id='word_1_48' title='bbox 812 479 981 506; x_wconf 90' lang='lat' dir='ltr'><strong>morum</strong></span> <span class='ocrx_word' id='word_1_49' title='bbox 1017 463 1341 517; x_wconf 89' lang='lat' dir='ltr'><strong>studiorumque</strong></span> <span class='ocrx_word' id='word_1_50' title='bbox 1368 463 1426 504; x_wconf 88' lang='lat' dir='ltr'><strong>d1-</strong></span> 
     </span>
     <span class='ocr_line' id='line_1_8' title="bbox 87 522 1425 577; baseline -0.001 -13"><span class='ocrx_word' id='word_1_51' title='bbox 87 523 259 565; x_wconf 83' lang='lat' dir='ltr'><strong>stantia.</strong></span> <span class='ocrx_word' id='word_1_52' title='bbox 321 522 451 564; x_wconf 85' lang='lat' dir='ltr'><strong>Recte</strong></span> <span class='ocrx_word' id='word_1_53' title='bbox 485 523 616 564; x_wconf 90' lang='lat' dir='ltr'><strong>etiam</strong></span> <span class='ocrx_word' id='word_1_54' title='bbox 648 523 837 577; x_wconf 84' lang='lat' dir='ltr'><strong>praecipi</strong></span> <span class='ocrx_word' id='word_1_55' title='bbox 874 526 1018 577; x_wconf 90' lang='lat' dir='ltr'><strong>potest</strong></span> <span class='ocrx_word' id='word_1_56' title='bbox 1056 523 1101 563; x_wconf 91' lang='lat' dir='ltr'><strong>in</strong></span> <span class='ocrx_word' id='word_1_57' title='bbox 1132 522 1346 575; x_wconf 88' lang='lat' dir='ltr'><strong>amicitiis,</strong></span> <span class='ocrx_word' id='word_1_58' title='bbox 1372 537 1425 563; x_wconf 90' lang='lat' dir='ltr'><strong>ne</strong></span> 
     </span>
     <span class='ocr_line' id='line_1_9' title="bbox 86 581 1426 647; baseline 0 -25"><span class='ocrx_word' id='word_1_59' title='bbox 86 583 373 636; x_wconf 86' lang='lat' dir='ltr'><strong>intemperata</strong></span> <span class='ocrx_word' id='word_1_60' title='bbox 406 581 615 635; x_wconf 84' lang='lat' dir='ltr'><strong>quaedam</strong></span> <span class='ocrx_word' id='word_1_61' title='bbox 647 582 950 647; x_wconf 81' lang='lat' dir='ltr'><strong>benivolentia,</strong></span> <span class='ocrx_word' id='word_1_62' title='bbox 982 581 1095 636; x_wconf 91' lang='lat' dir='ltr'><strong>quod</strong></span> <span class='ocrx_word' id='word_1_63' title='bbox 1126 595 1331 636; x_wconf 86' lang='lat' dir='ltr'><strong>persaepe</strong></span> <span class='ocrx_word' id='word_1_64' title='bbox 1366 581 1426 634; x_wconf 90' lang='lat' dir='ltr'><strong>fit,</strong></span> 
     </span>
     <span class='ocr_line' id='line_1_10' title="bbox 86 615 1427 695; baseline -0.001 -13"><span class='ocrx_word' id='word_1_65' title='bbox 86 640 292 695; x_wconf 90' lang='lat' dir='ltr'><strong>impediat</strong></span> <span class='ocrx_word' id='word_1_66' title='bbox 324 655 505 695; x_wconf 86' lang='lat' dir='ltr'><strong>magnas</strong></span> <span class='ocrx_word' id='word_1_67' title='bbox 538 640 750 681; x_wconf 80' lang='lat' dir='ltr'><strong>utilitates</strong></span> <span class='ocrx_word' id='word_1_68' title='bbox 784 640 1030 682; x_wconf 90' lang='lat' dir='ltr'><strong>amicorum.</strong></span> <span class='ocrx_word' id='word_1_69' title='bbox 1091 639 1181 682; x_wconf 91' lang='lat' dir='ltr'><strong>Nec</strong></span> <span class='ocrx_word' id='word_1_70' title='bbox 1214 641 1344 695; x_wconf 91' lang='lat' dir='ltr'><strong>enim,</strong></span> <span class='ocrx_word' id='word_1_71' title='bbox 1379 615 1427 681; x_wconf 67' lang='lat' dir='ltr'><strong>ut</strong></span> 
     </span>
     <span class='ocr_line' id='line_1_11' title="bbox 50 698 1426 754; baseline 0.003 -17"><span class='ocrx_word' id='word_1_72' title='bbox 50 699 140 741; x_wconf 89' lang='lat' dir='ltr'><strong>oad</strong></span> <span class='ocrx_word' id='word_1_73' title='bbox 171 699 342 741; x_wconf 88' lang='lat' dir='ltr'><strong>fabulas</strong></span> <span class='ocrx_word' id='word_1_74' title='bbox 375 699 562 752; x_wconf 87' lang='lat' dir='ltr'><strong>redeam,</strong></span> <span class='ocrx_word' id='word_1_75' title='bbox 600 698 774 740; x_wconf 87' lang='lat' dir='ltr'><strong>Troiam</strong></span> <span class='ocrx_word' id='word_1_76' title='bbox 812 698 1124 754; x_wconf 85' lang='lat' dir='ltr'><strong>Neoptolemus</strong></span> <span class='ocrx_word' id='word_1_77' title='bbox 1163 713 1314 753; x_wconf 85' lang='lat' dir='ltr'><strong>capere</strong></span> <span class='ocrx_word' id='word_1_78' title='bbox 1351 713 1426 754; x_wconf 90' lang='lat' dir='ltr'><strong>po—</strong></span> 
     </span>
     <span class='ocr_line' id='line_1_12' title="bbox 85 757 1426 812; baseline -0.001 -13"><span class='ocrx_word' id='word_1_79' title='bbox 85 758 253 811; x_wconf 87' lang='lat' dir='ltr'><strong>tuisset,</strong></span> <span class='ocrx_word' id='word_1_80' title='bbox 286 758 322 799; x_wconf 87' lang='lat' dir='ltr'><strong>si</strong></span> <span class='ocrx_word' id='word_1_81' title='bbox 341 757 635 811; x_wconf 87' lang='lat' dir='ltr'><strong>Lycomedem,</strong></span> <span class='ocrx_word' id='word_1_82' title='bbox 668 758 780 812; x_wconf 89' lang='lat' dir='ltr'><strong>apud</strong></span> <span class='ocrx_word' id='word_1_83' title='bbox 806 772 932 812; x_wconf 88' lang='lat' dir='ltr'><strong>quem</strong></span> <span class='ocrx_word' id='word_1_84' title='bbox 959 761 1052 799; x_wconf 87' lang='lat' dir='ltr'><strong>erat</strong></span> <span class='ocrx_word' id='word_1_85' title='bbox 1078 757 1295 811; x_wconf 86' lang='lat' dir='ltr'><strong>educatus,</strong></span> <span class='ocrx_word' id='word_1_86' title='bbox 1320 758 1426 799; x_wconf 89' lang='lat' dir='ltr'><strong>mul-</strong></span> 
     </span>
     <span class='ocr_line' id='line_1_13' title="bbox 85 816 1428 871; baseline -0.001 -13"><span class='ocrx_word' id='word_1_87' title='bbox 85 817 142 858; x_wconf 89' lang='lat' dir='ltr'><strong>tis</strong></span> <span class='ocrx_word' id='word_1_88' title='bbox 184 831 279 858; x_wconf 89' lang='lat' dir='ltr'><strong>cum</strong></span> <span class='ocrx_word' id='word_1_89' title='bbox 318 817 505 858; x_wconf 86' lang='lat' dir='ltr'><strong>lacrimis</strong></span> <span class='ocrx_word' id='word_1_90' title='bbox 547 817 630 857; x_wconf 89' lang='lat' dir='ltr'><strong>iter</strong></span> <span class='ocrx_word' id='word_1_91' title='bbox 668 831 791 858; x_wconf 89' lang='lat' dir='ltr'><strong>suum</strong></span> <span class='ocrx_word' id='word_1_92' title='bbox 828 816 1132 871; x_wconf 83' lang='lat' dir='ltr'><strong>impedientem</strong></span> <span class='ocrx_word' id='word_1_93' title='bbox 1171 816 1317 857; x_wconf 90' lang='lat' dir='ltr'><strong>audire</strong></span> <span class='ocrx_word' id='word_1_94' title='bbox 1354 831 1428 858; x_wconf 82' lang='lat' dir='ltr'><strong>vo-</strong></span> 
     </span>
     <span class='ocr_line' id='line_1_14' title="bbox 86 874 1427 930; baseline 0 -14"><span class='ocrx_word' id='word_1_95' title='bbox 86 875 249 917; x_wconf 89' lang='lat' dir='ltr'><strong>luisset.</strong></span> <span class='ocrx_word' id='word_1_96' title='bbox 292 875 350 916; x_wconf 89' lang='lat' dir='ltr'><strong>Et</strong></span> <span class='ocrx_word' id='word_1_97' title='bbox 377 890 503 930; x_wconf 87' lang='lat' dir='ltr'><strong>saepe</strong></span> <span class='ocrx_word' id='word_1_98' title='bbox 523 875 716 917; x_wconf 88' lang='lat' dir='ltr'><strong>incidunt</strong></span> <span class='ocrx_word' id='word_1_99' title='bbox 742 889 924 930; x_wconf 82' lang='lat' dir='ltr'><strong>magnae</strong></span> <span class='ocrx_word' id='word_1_100' title='bbox 949 889 1030 929; x_wconf 88' lang='lat' dir='ltr'><strong>res,</strong></span> <span class='ocrx_word' id='word_1_101' title='bbox 1056 878 1104 916; x_wconf 91' lang='lat' dir='ltr'><strong>ut</strong></span> <span class='ocrx_word' id='word_1_102' title='bbox 1128 874 1427 916; x_wconf 89' lang='lat' dir='ltr'><strong>discedendum</strong></span> 
     </span>
     <span class='ocr_line' id='line_1_15' title="bbox 2 933 1427 988; baseline -0.001 -13"><span class='ocrx_word' id='word_1_103' title='bbox 2 967 3 970; x_wconf 22' lang='lat'>¹</span> <span class='ocrx_word' id='word_1_104' title='bbox 89 935 146 975; x_wconf 92' lang='lat' dir='ltr'><strong>sit</strong></span> <span class='ocrx_word' id='word_1_105' title='bbox 178 935 231 975; x_wconf 84' lang='lat' dir='ltr'><strong>ab</strong></span> <span class='ocrx_word' id='word_1_106' title='bbox 265 934 432 988; x_wconf 88' lang='lat' dir='ltr'><strong>amicis;</strong></span> <span class='ocrx_word' id='word_1_107' title='bbox 477 949 581 988; x_wconf 90' lang='lat' dir='ltr'><strong>quas</strong></span> <span class='ocrx_word' id='word_1_108' title='bbox 622 934 694 988; x_wconf 91' lang='lat' dir='ltr'><strong>qui</strong></span> <span class='ocrx_word' id='word_1_109' title='bbox 731 934 937 988; x_wconf 87' lang='lat' dir='ltr'><strong>impedire</strong></span> <span class='ocrx_word' id='word_1_110' title='bbox 969 934 1081 988; x_wconf 86' lang='lat' dir='ltr'><strong>vult,</strong></span> <span class='ocrx_word' id='word_1_111' title='bbox 1120 933 1233 987; x_wconf 89' lang='lat' dir='ltr'><strong>quod</strong></span> <span class='ocrx_word' id='word_1_112' title='bbox 1265 934 1427 975; x_wconf 90' lang='lat' dir='ltr'><strong>deside—</strong></span> 
     </span>
     <span class='ocr_line' id='line_1_16' title="bbox 0 992 1427 1047; baseline 0.002 -16"><span class='ocrx_word' id='word_1_113' title='bbox 0 992 2 1017; x_wconf 66' lang='lat'><em>*</em></span> <span class='ocrx_word' id='word_1_114' title='bbox 49 992 197 1034; x_wconf 74' lang='lat' dir='ltr'><strong>srium</strong></span> <span class='ocrx_word' id='word_1_115' title='bbox 233 1007 320 1034; x_wconf 88' lang='lat' dir='ltr'><strong>non</strong></span> <span class='ocrx_word' id='word_1_116' title='bbox 357 992 483 1034; x_wconf 86' lang='lat' dir='ltr'><strong>facile</strong></span> <span class='ocrx_word' id='word_1_117' title='bbox 527 992 657 1046; x_wconf 85' lang='lat' dir='ltr'><strong>ferat,</strong></span> <span class='ocrx_word' id='word_1_118' title='bbox 700 993 737 1033; x_wconf 87' lang='lat' dir='ltr'><strong>is</strong></span> <span class='ocrx_word' id='word_1_119' title='bbox 777 996 818 1034; x_wconf 90' lang='lat' dir='ltr'><strong>et</strong></span> <span class='ocrx_word' id='word_1_120' title='bbox 856 992 1051 1033; x_wconf 90' lang='lat' dir='ltr'><strong>infirmus</strong></span> <span class='ocrx_word' id='word_1_121' title='bbox 1091 995 1156 1033; x_wconf 90' lang='lat' dir='ltr'><strong>est</strong></span> <span class='ocrx_word' id='word_1_122' title='bbox 1198 993 1427 1047; x_wconf 89' lang='lat' dir='ltr'><strong>mollisque</strong></span> 
     </span>
     <span class='ocr_line' id='line_1_17' title="bbox 83 1051 1427 1106; baseline 0 -14"><span class='ocrx_word' id='word_1_123' title='bbox 83 1054 240 1093; x_wconf 89' lang='lat' dir='ltr'><strong>natura</strong></span> <span class='ocrx_word' id='word_1_124' title='bbox 277 1054 320 1092; x_wconf 91' lang='lat' dir='ltr'><strong>et</strong></span> <span class='ocrx_word' id='word_1_125' title='bbox 357 1051 412 1092; x_wconf 92' lang='lat' dir='ltr'><strong>ob</strong></span> <span class='ocrx_word' id='word_1_126' title='bbox 451 1066 545 1092; x_wconf 89' lang='lat' dir='ltr'><strong>eam</strong></span> <span class='ocrx_word' id='word_1_127' title='bbox 582 1051 723 1106; x_wconf 85' lang='lat' dir='ltr'><strong>ipsam</strong></span> <span class='ocrx_word' id='word_1_128' title='bbox 760 1066 934 1093; x_wconf 90' lang='lat' dir='ltr'><strong>causam</strong></span> <span class='ocrx_word' id='word_1_129' title='bbox 972 1051 1016 1092; x_wconf 88' lang='lat' dir='ltr'><strong>in</strong></span> <span class='ocrx_word' id='word_1_130' title='bbox 1055 1051 1244 1092; x_wconf 89' lang='lat' dir='ltr'><strong>amicitia</strong></span> <span class='ocrx_word' id='word_1_131' title='bbox 1275 1066 1427 1106; x_wconf 88' lang='lat' dir='ltr'><strong>parum</strong></span> 
     </span>
     <span class='ocr_line' id='line_1_18' title="bbox 84 1109 1429 1164; baseline -0.001 -13"><span class='ocrx_word' id='word_1_132' title='bbox 84 1110 234 1152; x_wconf 91' lang='lat' dir='ltr'><strong>iustus.</strong></span> <span class='ocrx_word' id='word_1_133' title='bbox 296 1109 441 1164; x_wconf 87' lang='lat' dir='ltr'><strong>Atque</strong></span> <span class='ocrx_word' id='word_1_134' title='bbox 472 1110 517 1151; x_wconf 90' lang='lat' dir='ltr'><strong>in</strong></span> <span class='ocrx_word' id='word_1_135' title='bbox 549 1111 665 1152; x_wconf 91' lang='lat' dir='ltr'><strong>omni</strong></span> <span class='ocrx_word' id='word_1_136' title='bbox 696 1124 741 1151; x_wconf 91' lang='lat' dir='ltr'><strong>re</strong></span> <span class='ocrx_word' id='word_1_137' title='bbox 773 1109 1129 1151; x_wconf 87' lang='lat' dir='ltr'><strong>considerandum</strong></span> <span class='ocrx_word' id='word_1_138' title='bbox 1156 1113 1232 1164; x_wconf 90' lang='lat' dir='ltr'><strong>est,</strong></span> <span class='ocrx_word' id='word_1_139' title='bbox 1259 1113 1302 1151; x_wconf 92' lang='lat' dir='ltr'><strong>et</strong></span> <span class='ocrx_word' id='word_1_140' title='bbox 1328 1110 1429 1164; x_wconf 86' lang='lat' dir='ltr'><strong>quid</strong></span> 
     </span>
     <span class='ocr_line' id='line_1_19' title="bbox 85 1168 1342 1224; baseline -0.001 -14"><span class='ocrx_word' id='word_1_141' title='bbox 85 1169 277 1224; x_wconf 86' lang='lat' dir='ltr'><strong>postules</strong></span> <span class='ocrx_word' id='word_1_142' title='bbox 310 1169 364 1210; x_wconf 90' lang='lat' dir='ltr'><strong>ab</strong></span> <span class='ocrx_word' id='word_1_143' title='bbox 397 1168 534 1210; x_wconf 89' lang='lat' dir='ltr'><strong>amico</strong></span> <span class='ocrx_word' id='word_1_144' title='bbox 567 1172 610 1210; x_wconf 90' lang='lat' dir='ltr'><strong>et</strong></span> <span class='ocrx_word' id='word_1_145' title='bbox 642 1168 743 1223; x_wconf 87' lang='lat' dir='ltr'><strong>quid</strong></span> <span class='ocrx_word' id='word_1_146' title='bbox 774 1169 941 1223; x_wconf 85' lang='lat' dir='ltr'><strong>patiare</strong></span> <span class='ocrx_word' id='word_1_147' title='bbox 974 1183 998 1210; x_wconf 90' lang='lat' dir='ltr'><strong>a</strong></span> <span class='ocrx_word' id='word_1_148' title='bbox 1029 1171 1073 1209; x_wconf 93' lang='lat' dir='ltr'><strong>te</strong></span> <span class='ocrx_word' id='word_1_149' title='bbox 1104 1168 1342 1223; x_wconf 89' lang='lat' dir='ltr'><strong>impetrari.</strong></span> 
     </span>
    </p>
   </div>
   <div class='ocr_carea' id='block_1_3' title="bbox 0 0 59 2490">
    <p class='ocr_par' dir='ltr' id='par_1_3' title="bbox 0 0 59 2490">
     <span class='ocr_line' id='line_1_20' title="bbox 24 0 59 487; baseline 0 0"><span class='ocrx_word' id='word_1_150' title='bbox 24 0 59 487; x_wconf 95' lang='lat' dir='ltr'><strong>  </strong></span> 
     </span>
     <span class='ocr_line' id='line_1_21' title="bbox 0 487 48 2490; baseline 0 0"><span class='ocrx_word' id='word_1_151' title='bbox 0 487 48 2490; x_wconf 95' lang='lat' dir='ltr'><strong>    </strong></span> 
     </span>
    </p>
   </div>
   <div class='ocr_carea' id='block_1_4' title="bbox 33 1286 1429 2341">
    <p class='ocr_par' dir='ltr' id='par_1_4' title="bbox 50 1286 1429 1576">
     <span class='ocr_line' id='line_1_22' title="bbox 50 1286 1426 1340; baseline 0.001 -15"><span class='ocrx_word' id='word_1_152' title='bbox 50 1300 66 1324; x_wconf 91' lang='grc' dir='ltr'>ο</span> <span class='ocrx_word' id='word_1_153' title='bbox 87 1286 152 1327; x_wconf 86' lang='lat' dir='ltr'><strong>dis</strong></span> <span class='ocrx_word' id='word_1_154' title='bbox 184 1300 270 1328; x_wconf 90' lang='lat' dir='ltr'><strong>non</strong></span> <span class='ocrx_word' id='word_1_155' title='bbox 300 1301 535 1340; x_wconf 86' lang='lat' dir='ltr'><strong>numquam</strong></span> <span class='ocrx_word' id='word_1_156' title='bbox 566 1287 825 1340; x_wconf 83' lang='lat' dir='ltr'><strong>necessaria3</strong></span> <span class='ocrx_word' id='word_1_157' title='bbox 857 1286 943 1327; x_wconf 90' lang='lat' dir='ltr'><strong>iam</strong></span> <span class='ocrx_word' id='word_1_158' title='bbox 977 1286 1088 1327; x_wconf 85' lang='lat' dir='ltr'><strong>enim</strong></span> <span class='ocrx_word' id='word_1_159' title='bbox 1116 1301 1141 1327; x_wconf 90' lang='lat' dir='ltr'><strong>a</strong></span> <span class='ocrx_word' id='word_1_160' title='bbox 1167 1286 1426 1340; x_wconf 88' lang='lat' dir='ltr'><strong>sapientium</strong></span> 
     </span>
     <span class='ocr_line' id='line_1_23' title="bbox 84 1344 1428 1400; baseline 0.001 -15"><span class='ocrx_word' id='word_1_161' title='bbox 84 1344 457 1386; x_wconf 84' lang='lat' dir='ltr'><strong>familiaritatibus</strong></span> <span class='ocrx_word' id='word_1_162' title='bbox 473 1345 525 1386; x_wconf 87' lang='lat' dir='ltr'><strong>ad</strong></span> <span class='ocrx_word' id='word_1_163' title='bbox 540 1346 741 1400; x_wconf 85' lang='lat' dir='ltr'><strong>vulgares</strong></span> <span class='ocrx_word' id='word_1_164' title='bbox 760 1345 971 1387; x_wconf 88' lang='lat' dir='ltr'><strong>amicitias</strong></span> <span class='ocrx_word' id='word_1_165' title='bbox 992 1345 1131 1387; x_wconf 91' lang='lat' dir='ltr'><strong>oratio</strong></span> <span class='ocrx_word' id='word_1_166' title='bbox 1150 1347 1302 1386; x_wconf 84' lang='lat' dir='ltr'><strong>nostra</strong></span> <span class='ocrx_word' id='word_1_167' title='bbox 1317 1345 1428 1386; x_wconf 89' lang='lat' dir='ltr'><strong>dela-</strong></span> 
     </span>
     <span class='ocr_line' id='line_1_24' title="bbox 86 1403 1428 1459; baseline 0 -14"><span class='ocrx_word' id='word_1_168' title='bbox 86 1405 213 1445; x_wconf 90' lang='lat' dir='ltr'><strong>bitur.</strong></span> <span class='ocrx_word' id='word_1_169' title='bbox 244 1403 489 1458; x_wconf 83' lang='lat' dir='ltr'><strong>Erumpunt</strong></span> <span class='ocrx_word' id='word_1_170' title='bbox 504 1418 630 1458; x_wconf 87' lang='lat' dir='ltr'><strong>saepe</strong></span> <span class='ocrx_word' id='word_1_171' title='bbox 644 1404 751 1445; x_wconf 88' lang='lat' dir='ltr'><strong>vitia</strong></span> <span class='ocrx_word' id='word_1_172' title='bbox 771 1404 1005 1446; x_wconf 89' lang='lat' dir='ltr'><strong>amicorum</strong></span> <span class='ocrx_word' id='word_1_173' title='bbox 1025 1406 1117 1445; x_wconf 89' lang='lat' dir='ltr'><strong>tum</strong></span> <span class='ocrx_word' id='word_1_174' title='bbox 1132 1404 1177 1444; x_wconf 88' lang='lat' dir='ltr'><strong>in</strong></span> <span class='ocrx_word' id='word_1_175' title='bbox 1192 1404 1310 1459; x_wconf 89' lang='lat' dir='ltr'><strong>ipsos</strong></span> <span class='ocrx_word' id='word_1_176' title='bbox 1327 1405 1428 1445; x_wconf 91' lang='lat' dir='ltr'><strong>ami-</strong></span> 
     </span>
     <span class='ocr_line' id='line_1_25' title="bbox 86 1462 1429 1516; baseline 0 -12"><span class='ocrx_word' id='word_1_177' title='bbox 86 1477 169 1516; x_wconf 83' lang='lat' dir='ltr'><strong>cOS,</strong></span> <span class='ocrx_word' id='word_1_178' title='bbox 195 1465 288 1504; x_wconf 89' lang='lat' dir='ltr'><strong>tum</strong></span> <span class='ocrx_word' id='word_1_179' title='bbox 313 1463 358 1503; x_wconf 91' lang='lat' dir='ltr'><strong>in</strong></span> <span class='ocrx_word' id='word_1_180' title='bbox 384 1463 560 1516; x_wconf 79' lang='lat' dir='ltr'><strong>alienos,</strong></span> <span class='ocrx_word' id='word_1_181' title='bbox 590 1477 770 1516; x_wconf 90' lang='lat' dir='ltr'><strong>quorum</strong></span> <span class='ocrx_word' id='word_1_182' title='bbox 796 1466 943 1504; x_wconf 89' lang='lat' dir='ltr'><strong>tamen</strong></span> <span class='ocrx_word' id='word_1_183' title='bbox 963 1462 1016 1504; x_wconf 91' lang='lat' dir='ltr'><strong>ad</strong></span> <span class='ocrx_word' id='word_1_184' title='bbox 1037 1462 1196 1504; x_wconf 89' lang='lat' dir='ltr'><strong>amicos</strong></span> <span class='ocrx_word' id='word_1_185' title='bbox 1220 1463 1429 1504; x_wconf 84' lang='lat' dir='ltr'><strong>redundet</strong></span> 
     </span>
     <span class='ocr_line' id='line_1_26' title="bbox 85 1521 1428 1576; baseline 0.001 -14"><span class='ocrx_word' id='word_1_186' title='bbox 85 1521 275 1563; x_wconf 86' lang='lat' dir='ltr'><strong>infamia.</strong></span> <span class='ocrx_word' id='word_1_187' title='bbox 313 1521 438 1563; x_wconf 87' lang='lat' dir='ltr'><strong>Tales</strong></span> <span class='ocrx_word' id='word_1_188' title='bbox 458 1521 592 1576; x_wconf 84' lang='lat' dir='ltr'><strong>igitur</strong></span> <span class='ocrx_word' id='word_1_189' title='bbox 613 1522 825 1563; x_wconf 85' lang='lat' dir='ltr'><strong>amicitiae</strong></span> <span class='ocrx_word' id='word_1_190' title='bbox 841 1525 941 1563; x_wconf 91' lang='lat' dir='ltr'><strong>sunt</strong></span> <span class='ocrx_word' id='word_1_191' title='bbox 961 1522 1212 1563; x_wconf 89' lang='lat' dir='ltr'><strong>remissione</strong></span> <span class='ocrx_word' id='word_1_192' title='bbox 1226 1536 1328 1563; x_wconf 89' lang='lat' dir='ltr'><strong>usus</strong></span> <span class='ocrx_word' id='word_1_193' title='bbox 1343 1522 1428 1563; x_wconf 89' lang='lat' dir='ltr'><strong>elu-</strong></span> 
     </span>
    </p>

    <p class='ocr_par' dir='ltr' id='par_1_5' title="bbox 33 1579 1428 1636">
     <span class='ocr_line' id='line_1_27' title="bbox 33 1579 1428 1636; baseline 0 -15"><span class='ocrx_word' id='word_1_194' title='bbox 33 1591 67 1616; x_wconf 73' lang='grc'><strong>35</strong></span> <span class='ocrx_word' id='word_1_195' title='bbox 87 1580 218 1622; x_wconf 89' lang='lat' dir='ltr'><strong>endae</strong></span> <span class='ocrx_word' id='word_1_196' title='bbox 245 1583 298 1633; x_wconf 89' lang='lat' dir='ltr'><strong>et,</strong></span> <span class='ocrx_word' id='word_1_197' title='bbox 330 1583 379 1621; x_wconf 92' lang='lat' dir='ltr'><strong>ut</strong></span> <span class='ocrx_word' id='word_1_198' title='bbox 411 1579 619 1622; x_wconf 86' lang='lat' dir='ltr'><strong>Catonem</strong></span> <span class='ocrx_word' id='word_1_199' title='bbox 652 1581 789 1622; x_wconf 88' lang='lat' dir='ltr'><strong>dicere</strong></span> <span class='ocrx_word' id='word_1_200' title='bbox 821 1580 976 1633; x_wconf 84' lang='lat' dir='ltr'><strong>audivi,</strong></span> <span class='ocrx_word' id='word_1_201' title='bbox 1008 1580 1258 1622; x_wconf 86' lang='lat' dir='ltr'><strong>dissuendae</strong></span> <span class='ocrx_word' id='word_1_202' title='bbox 1289 1581 1428 1636; x_wconf 83' lang='lat' dir='ltr'><strong>magis</strong></span> 
     </span>
    </p>

    <p class='ocr_par' dir='ltr' id='par_1_6' title="bbox 34 1639 1429 2166">
     <span class='ocr_line' id='line_1_28' title="bbox 88 1639 1428 1693; baseline 0 -13"><span class='ocrx_word' id='word_1_203' title='bbox 88 1654 216 1693; x_wconf 90' lang='lat' dir='ltr'><strong>quam</strong></span> <span class='ocrx_word' id='word_1_204' title='bbox 232 1639 542 1693; x_wconf 86' lang='lat' dir='ltr'><strong>discindendae,</strong></span> <span class='ocrx_word' id='word_1_205' title='bbox 557 1639 640 1680; x_wconf 86' lang='lat' dir='ltr'><strong>nisi</strong></span> <span class='ocrx_word' id='word_1_206' title='bbox 662 1639 870 1693; x_wconf 87' lang='lat' dir='ltr'><strong>quaedam</strong></span> <span class='ocrx_word' id='word_1_207' title='bbox 891 1639 1120 1681; x_wconf 88' lang='lat' dir='ltr'><strong>admodum</strong></span> <span class='ocrx_word' id='word_1_208' title='bbox 1140 1639 1428 1681; x_wconf 87' lang='lat' dir='ltr'><strong>intolerabilis</strong></span> 
     </span>
     <span class='ocr_line' id='line_1_29' title="bbox 87 1697 1429 1752; baseline 0.001 -14"><span class='ocrx_word' id='word_1_209' title='bbox 87 1697 242 1739; x_wconf 89' lang='lat' dir='ltr'><strong>iniuria</strong></span> <span class='ocrx_word' id='word_1_210' title='bbox 275 1698 499 1752; x_wconf 79' lang='lat' dir='ltr'><strong>exarserit,</strong></span> <span class='ocrx_word' id='word_1_211' title='bbox 537 1701 585 1739; x_wconf 90' lang='lat' dir='ltr'><strong>ut</strong></span> <span class='ocrx_word' id='word_1_212' title='bbox 611 1713 746 1752; x_wconf 87' lang='lat' dir='ltr'><strong>neque</strong></span> <span class='ocrx_word' id='word_1_213' title='bbox 772 1701 936 1740; x_wconf 91' lang='lat' dir='ltr'><strong>rectum</strong></span> <span class='ocrx_word' id='word_1_214' title='bbox 955 1713 1091 1752; x_wconf 90' lang='lat' dir='ltr'><strong>neque</strong></span> <span class='ocrx_word' id='word_1_215' title='bbox 1120 1698 1350 1740; x_wconf 89' lang='lat' dir='ltr'><strong>honestum</strong></span> <span class='ocrx_word' id='word_1_216' title='bbox 1371 1698 1429 1740; x_wconf 85' lang='lat' dir='ltr'><strong>sit</strong></span> 
     </span>
     <span class='ocr_line' id='line_1_30' title="bbox 87 1757 1428 1812; baseline 0.001 -14"><span class='ocrx_word' id='word_1_217' title='bbox 87 1771 163 1798; x_wconf 90' lang='lat' dir='ltr'><strong>nec</strong></span> <span class='ocrx_word' id='word_1_218' title='bbox 194 1757 286 1798; x_wconf 88' lang='lat' dir='ltr'><strong>fieri</strong></span> <span class='ocrx_word' id='word_1_219' title='bbox 317 1757 467 1812; x_wconf 87' lang='lat' dir='ltr'><strong>possit,</strong></span> <span class='ocrx_word' id='word_1_220' title='bbox 499 1760 547 1798; x_wconf 94' lang='lat' dir='ltr'><strong>ut</strong></span> <span class='ocrx_word' id='word_1_221' title='bbox 578 1772 665 1798; x_wconf 89' lang='lat' dir='ltr'><strong>non</strong></span> <span class='ocrx_word' id='word_1_222' title='bbox 696 1757 845 1798; x_wconf 90' lang='lat' dir='ltr'><strong>statim</strong></span> <span class='ocrx_word' id='word_1_223' title='bbox 878 1757 1081 1798; x_wconf 89' lang='lat' dir='ltr'><strong>alienatio</strong></span> <span class='ocrx_word' id='word_1_224' title='bbox 1115 1757 1428 1812; x_wconf 85' lang='lat' dir='ltr'><strong>disiunctioque</strong></span> 
     </span>
     <span class='ocr_line' id='line_1_31' title="bbox 87 1814 1427 1858; baseline 0.001 -2"><span class='ocrx_word' id='word_1_225' title='bbox 87 1815 286 1857; x_wconf 89' lang='lat' dir='ltr'><strong>faciunda</strong></span> <span class='ocrx_word' id='word_1_226' title='bbox 323 1816 391 1857; x_wconf 87' lang='lat' dir='ltr'><strong>sit.</strong></span> <span class='ocrx_word' id='word_1_227' title='bbox 453 1814 528 1857; x_wconf 83' lang='lat' dir='ltr'><strong>Sin</strong></span> <span class='ocrx_word' id='word_1_228' title='bbox 566 1818 710 1857; x_wconf 88' lang='lat' dir='ltr'><strong>autem</strong></span> <span class='ocrx_word' id='word_1_229' title='bbox 748 1818 822 1858; x_wconf 89' lang='lat' dir='ltr'><strong>aut</strong></span> <span class='ocrx_word' id='word_1_230' title='bbox 860 1831 1028 1858; x_wconf 88' lang='lat' dir='ltr'><strong>morum</strong></span> <span class='ocrx_word' id='word_1_231' title='bbox 1067 1819 1141 1857; x_wconf 89' lang='lat' dir='ltr'><strong>aut</strong></span> <span class='ocrx_word' id='word_1_232' title='bbox 1185 1816 1427 1857; x_wconf 84' lang='lat' dir='ltr'><strong>studiorum</strong></span> 
     </span>
     <span class='ocr_line' id='line_1_32' title="bbox 34 1874 1427 1929; baseline 0.001 -14"><span class='ocrx_word' id='word_1_233' title='bbox 34 1887 69 1911; x_wconf 77' lang='lat'><strong>30</strong></span> <span class='ocrx_word' id='word_1_234' title='bbox 88 1875 367 1916; x_wconf 88' lang='lat' dir='ltr'><strong>commutatio</strong></span> <span class='ocrx_word' id='word_1_235' title='bbox 401 1875 626 1929; x_wconf 88' lang='lat' dir='ltr'><strong>quaedam,</strong></span> <span class='ocrx_word' id='word_1_236' title='bbox 658 1877 706 1916; x_wconf 90' lang='lat' dir='ltr'><strong>ut</strong></span> <span class='ocrx_word' id='word_1_237' title='bbox 737 1874 830 1916; x_wconf 91' lang='lat' dir='ltr'><strong>fieri</strong></span> <span class='ocrx_word' id='word_1_238' title='bbox 862 1875 983 1927; x_wconf 87' lang='lat' dir='ltr'><strong>solet,</strong></span> <span class='ocrx_word' id='word_1_239' title='bbox 1014 1874 1130 1916; x_wconf 85' lang='lat' dir='ltr'><strong>facta</strong></span> <span class='ocrx_word' id='word_1_240' title='bbox 1163 1875 1244 1916; x_wconf 88' lang='lat' dir='ltr'><strong>erit</strong></span> <span class='ocrx_word' id='word_1_241' title='bbox 1276 1878 1351 1916; x_wconf 89' lang='lat' dir='ltr'><strong>aut</strong></span> <span class='ocrx_word' id='word_1_242' title='bbox 1382 1875 1427 1916; x_wconf 89' lang='lat' dir='ltr'><strong>in</strong></span> 
     </span>
     <span class='ocr_line' id='line_1_33' title="bbox 88 1933 1428 1988; baseline 0.001 -14"><span class='ocrx_word' id='word_1_243' title='bbox 88 1933 149 1974; x_wconf 90' lang='lat' dir='ltr'><strong>rei</strong></span> <span class='ocrx_word' id='word_1_244' title='bbox 191 1933 387 1988; x_wconf 89' lang='lat' dir='ltr'><strong>publicae</strong></span> <span class='ocrx_word' id='word_1_245' title='bbox 431 1934 627 1988; x_wconf 88' lang='lat' dir='ltr'><strong>partibus</strong></span> <span class='ocrx_word' id='word_1_246' title='bbox 670 1933 878 1975; x_wconf 89' lang='lat' dir='ltr'><strong>dissensio</strong></span> <span class='ocrx_word' id='word_1_247' title='bbox 922 1933 1212 1975; x_wconf 83' lang='lat' dir='ltr'><strong>intercesserit</strong></span> <span class='ocrx_word' id='word_1_248' title='bbox 1255 1933 1428 1988; x_wconf 85' lang='lat' dir='ltr'><strong>(loquor</strong></span> 
     </span>
     <span class='ocr_line' id='line_1_34' title="bbox 88 1991 1428 2048; baseline 0.001 -16"><span class='ocrx_word' id='word_1_249' title='bbox 88 1991 200 2032; x_wconf 74' lang='lat' dir='ltr'><strong>enim</strong></span> <span class='ocrx_word' id='word_1_250' title='bbox 231 1992 330 2046; x_wconf 88' lang='lat' dir='ltr'><strong>iam,</strong></span> <span class='ocrx_word' id='word_1_251' title='bbox 361 1995 409 2034; x_wconf 91' lang='lat' dir='ltr'><strong>ut</strong></span> <span class='ocrx_word' id='word_1_252' title='bbox 441 1993 569 2048; x_wconf 89' lang='lat' dir='ltr'><strong>paulo</strong></span> <span class='ocrx_word' id='word_1_253' title='bbox 603 1995 702 2034; x_wconf 89' lang='lat' dir='ltr'><strong>ante</strong></span> <span class='ocrx_word' id='word_1_254' title='bbox 735 1993 832 2045; x_wconf 84' lang='lat' dir='ltr'><strong>dixi,</strong></span> <span class='ocrx_word' id='word_1_255' title='bbox 857 2007 943 2034; x_wconf 91' lang='lat' dir='ltr'><strong>non</strong></span> <span class='ocrx_word' id='word_1_256' title='bbox 976 1992 1026 2034; x_wconf 90' lang='lat' dir='ltr'><strong>de</strong></span> <span class='ocrx_word' id='word_1_257' title='bbox 1052 1992 1322 2047; x_wconf 87' lang='lat' dir='ltr'><strong>sapientium,</strong></span> <span class='ocrx_word' id='word_1_258' title='bbox 1354 1993 1428 2034; x_wconf 90' lang='lat' dir='ltr'><strong>sed</strong></span> 
     </span>
     <span class='ocr_line' id='line_1_35' title="bbox 88 2050 1428 2106; baseline 0.001 -15"><span class='ocrx_word' id='word_1_259' title='bbox 88 2050 138 2091; x_wconf 90' lang='lat' dir='ltr'><strong>de</strong></span> <span class='ocrx_word' id='word_1_260' title='bbox 170 2051 463 2093; x_wconf 88' lang='lat' dir='ltr'><strong>communibus</strong></span> <span class='ocrx_word' id='word_1_261' title='bbox 496 2051 732 2106; x_wconf 86' lang='lat' dir='ltr'><strong>amicitiis),</strong></span> <span class='ocrx_word' id='word_1_262' title='bbox 764 2051 998 2093; x_wconf 88' lang='lat' dir='ltr'><strong>cavendum</strong></span> <span class='ocrx_word' id='word_1_263' title='bbox 1031 2051 1130 2105; x_wconf 88' lang='lat' dir='ltr'><strong>erit,</strong></span> <span class='ocrx_word' id='word_1_264' title='bbox 1160 2066 1213 2093; x_wconf 92' lang='lat' dir='ltr'><strong>ne</strong></span> <span class='ocrx_word' id='word_1_265' title='bbox 1244 2066 1332 2093; x_wconf 87' lang='lat' dir='ltr'><strong>non</strong></span> <span class='ocrx_word' id='word_1_266' title='bbox 1363 2066 1428 2093; x_wconf 86' lang='lat' dir='ltr'><strong>so-</strong></span> 
     </span>
     <span class='ocr_line' id='line_1_36' title="bbox 88 2109 1427 2166; baseline 0.001 -16"><span class='ocrx_word' id='word_1_267' title='bbox 88 2110 177 2150; x_wconf 91' lang='lat' dir='ltr'><strong>lum</strong></span> <span class='ocrx_word' id='word_1_268' title='bbox 201 2109 412 2151; x_wconf 88' lang='lat' dir='ltr'><strong>amicitiae</strong></span> <span class='ocrx_word' id='word_1_269' title='bbox 434 2110 666 2165; x_wconf 88' lang='lat' dir='ltr'><strong>depositae,</strong></span> <span class='ocrx_word' id='word_1_270' title='bbox 688 2110 760 2151; x_wconf 89' lang='lat' dir='ltr'><strong>sed</strong></span> <span class='ocrx_word' id='word_1_271' title='bbox 782 2110 912 2151; x_wconf 89' lang='lat' dir='ltr'><strong>etiam</strong></span> <span class='ocrx_word' id='word_1_272' title='bbox 931 2110 1181 2152; x_wconf 87' lang='lat' dir='ltr'><strong>inimicitiae</strong></span> <span class='ocrx_word' id='word_1_273' title='bbox 1203 2113 1427 2166; x_wconf 84' lang='lat' dir='ltr'><strong>susceptae</strong></span> 
     </span>
    </p>

    <p class='ocr_par' dir='ltr' id='par_1_7' title="bbox 35 2167 1427 2224">
     <span class='ocr_line' id='line_1_37' title="bbox 35 2167 1427 2224; baseline 0.001 -14"><span class='ocrx_word' id='word_1_274' title='bbox 35 2184 68 2210; x_wconf 79' lang='lat'><strong>35</strong></span> <span class='ocrx_word' id='word_1_275' title='bbox 88 2167 323 2209; x_wconf 86' lang='lat' dir='ltr'><strong>videantur.</strong></span> <span class='ocrx_word' id='word_1_276' title='bbox 372 2168 494 2210; x_wconf 85' lang='lat' dir='ltr'><strong>Nihil</strong></span> <span class='ocrx_word' id='word_1_277' title='bbox 527 2173 592 2211; x_wconf 90' lang='lat' dir='ltr'><strong>est</strong></span> <span class='ocrx_word' id='word_1_278' title='bbox 625 2170 738 2211; x_wconf 89' lang='lat' dir='ltr'><strong>enim</strong></span> <span class='ocrx_word' id='word_1_279' title='bbox 771 2169 939 2224; x_wconf 85' lang='lat' dir='ltr'><strong>turpius</strong></span> <span class='ocrx_word' id='word_1_280' title='bbox 972 2184 1101 2223; x_wconf 89' lang='lat' dir='ltr'><strong>quam</strong></span> <span class='ocrx_word' id='word_1_281' title='bbox 1133 2184 1229 2211; x_wconf 90' lang='lat' dir='ltr'><strong>cum</strong></span> <span class='ocrx_word' id='word_1_282' title='bbox 1262 2184 1310 2211; x_wconf 88' lang='lat' dir='ltr'><strong>eo</strong></span> <span class='ocrx_word' id='word_1_283' title='bbox 1337 2170 1427 2211; x_wconf 90' lang='lat' dir='ltr'><strong>bel-</strong></span> 
     </span>
    </p>

    <p class='ocr_par' dir='ltr' id='par_1_8' title="bbox 90 2227 1428 2283">
     <span class='ocr_line' id='line_1_38' title="bbox 90 2227 1428 2283; baseline 0.001 -16"><span class='ocrx_word' id='word_1_284' title='bbox 90 2227 179 2267; x_wconf 92' lang='lat' dir='ltr'><strong>lum</strong></span> <span class='ocrx_word' id='word_1_285' title='bbox 211 2240 369 2282; x_wconf 84' lang='lat' dir='ltr'><strong>gerere,</strong></span> <span class='ocrx_word' id='word_1_286' title='bbox 402 2243 583 2283; x_wconf 87' lang='lat' dir='ltr'><strong>quocum</strong></span> <span class='ocrx_word' id='word_1_287' title='bbox 615 2228 888 2270; x_wconf 86' lang='lat' dir='ltr'><strong>familiariter</strong></span> <span class='ocrx_word' id='word_1_288' title='bbox 918 2227 1088 2269; x_wconf 81' lang='lat' dir='ltr'><strong>vixeris.</strong></span> <span class='ocrx_word' id='word_1_289' title='bbox 1140 2228 1208 2269; x_wconf 86' lang='lat' dir='ltr'><strong>Ab</strong></span> <span class='ocrx_word' id='word_1_290' title='bbox 1237 2229 1428 2270; x_wconf 83' lang='lat' dir='ltr'><strong>amicitia</strong></span> 
     </span>
    </p>

    <p class='ocr_par' dir='ltr' id='par_1_9' title="bbox 88 2284 1427 2341">
     <span class='ocr_line' id='line_1_39' title="bbox 88 2284 1427 2341; baseline 0.002 -16"><span class='ocrx_word' id='word_1_291' title='bbox 88 2284 135 2334; x_wconf 82' lang='lat' dir='ltr'><strong>Q,</strong></span> <span class='ocrx_word' id='word_1_292' title='bbox 155 2284 332 2339; x_wconf 89' lang='lat' dir='ltr'><strong>Pompei</strong></span> <span class='ocrx_word' id='word_1_293' title='bbox 358 2301 452 2329; x_wconf 91' lang='lat' dir='ltr'><strong>meo</strong></span> <span class='ocrx_word' id='word_1_294' title='bbox 476 2288 648 2329; x_wconf 89' lang='lat' dir='ltr'><strong>nomine</strong></span> <span class='ocrx_word' id='word_1_295' title='bbox 678 2302 723 2328; x_wconf 91' lang='lat' dir='ltr'><strong>se</strong></span> <span class='ocrx_word' id='word_1_296' title='bbox 749 2290 1005 2334; x_wconf 84' lang='lat' dir='ltr'><strong>removerat,</strong></span> <span class='ocrx_word' id='word_1_297' title='bbox 1034 2291 1082 2329; x_wconf 90' lang='lat' dir='ltr'><strong>ut</strong></span> <span class='ocrx_word' id='word_1_298' title='bbox 1109 2287 1240 2341; x_wconf 89' lang='lat' dir='ltr'><strong>scitis,</strong></span> <span class='ocrx_word' id='word_1_299' title='bbox 1265 2286 1427 2341; x_wconf 82' lang='lat' dir='ltr'><strong>Scipi03</strong></span> 
     </span>
    </p>
   </div>
   <div class='ocr_carea' id='block_1_5' title="bbox 1453 533 1496 563">
    <p class='ocr_par' dir='ltr' id='par_1_10' title="bbox 1453 533 1496 563">
     <span class='ocr_line' id='line_1_40' title="bbox 1453 533 1496 563; baseline 0 0"><span class='ocrx_word' id='word_1_300' title='bbox 1453 533 1496 563; x_wconf 81' lang='lat'><strong>75</strong></span> 
     </span>
    </p>
   </div>
   <div class='ocr_carea' id='block_1_6' title="bbox 1456 1121 1498 1152">
    <p class='ocr_par' dir='ltr' id='par_1_11' title="bbox 1456 1121 1498 1152">
     <span class='ocr_line' id='line_1_41' title="bbox 1456 1121 1498 1152; baseline -0.048 0"><span class='ocrx_word' id='word_1_301' title='bbox 1456 1121 1498 1152; x_wconf 80' lang='lat'><strong>76</strong></span> 
     </span>
    </p>
   </div>
   <div class='ocr_carea' id='block_1_7' title="bbox 172 1227 1494 1282">
    <p class='ocr_par' dir='ltr' id='par_1_12' title="bbox 172 1227 1494 1282">
     <span class='ocr_line' id='line_1_42' title="bbox 172 1227 1494 1282; baseline 0 -14"><span class='ocrx_word' id='word_1_302' title='bbox 172 1227 253 1269; x_wconf 86' lang='lat' dir='ltr'><strong>Est</strong></span> <span class='ocrx_word' id='word_1_303' title='bbox 282 1227 412 1269; x_wconf 90' lang='lat' dir='ltr'><strong>etiam</strong></span> <span class='ocrx_word' id='word_1_304' title='bbox 433 1227 642 1282; x_wconf 88' lang='lat' dir='ltr'><strong>quaedam</strong></span> <span class='ocrx_word' id='word_1_305' title='bbox 669 1228 893 1269; x_wconf 89' lang='lat' dir='ltr'><strong>calamitas</strong></span> <span class='ocrx_word' id='word_1_306' title='bbox 914 1227 959 1268; x_wconf 86' lang='lat' dir='ltr'><strong>in</strong></span> <span class='ocrx_word' id='word_1_307' title='bbox 985 1227 1186 1269; x_wconf 88' lang='lat' dir='ltr'><strong>amicitiis</strong></span> <span class='ocrx_word' id='word_1_308' title='bbox 1213 1227 1427 1268; x_wconf 88' lang='lat' dir='ltr'><strong>dimitten-</strong></span> <span class='ocrx_word' id='word_1_309' title='bbox 1444 1227 1494 1268; x_wconf 78' lang='lat'><strong>21</strong></span> 
     </span>
    </p>
   </div>
   <div class='ocr_carea' id='block_1_8' title="bbox 1455 1826 1497 1858">
    <p class='ocr_par' dir='ltr' id='par_1_13' title="bbox 1455 1826 1497 1858">
     <span class='ocr_line' id='line_1_43' title="bbox 1455 1826 1497 1858; baseline 0.024 -1"><span class='ocrx_word' id='word_1_310' title='bbox 1455 1826 1497 1858; x_wconf 76' lang='lat'><strong>77</strong></span> 
     </span>
    </p>
   </div>
  </div>
 </body>
</html>
