1663 2490
192 73 249 112 44
716 70 779 104 DE
806 69 1003 105 OFFICIIS

194 193 458 234 quarumque
489 180 678 234 partium
711 177 902 232 corporis
934 191 1035 218 usus
1062 181 1161 218 sunt
1187 177 1428 231 necessarii,
1461 191 1532 219 eas

192 252 328 293 neque
360 241 505 294 partes
536 252 672 291 neque
705 251 850 278 earum
878 250 978 277 usus
1005 236 1093 276 suis
1118 236 1364 277 nominibus
1390 236 1533 291 appel-

193 297 305 350 lant3
340 297 536 351 quodque
568 296 706 338 facere
739 298 863 349 turpe
895 309 981 335 non
1013 297 1090 347 est,
1123 295 1248 336 modo
1282 295 1459 347 occulte,
1491 294 1533 335 id

195 356 332 397 dicere
365 355 595 396 obscenum
628 356 704 395 est.
754 353 905 407 Itaque
938 367 1012 394 nec
1042 353 1154 394 actio
1187 368 1328 394 rerum
1360 353 1533 394 illarum

127 424 192 456 128
213 417 364 469 aperta
390 413 630 468 petulantia
655 414 780 453 vacat
805 425 881 453 nec
909 412 1114 453 orationis
1143 412 1396 453 obscenitas.
1446 410 1533 452 Nec
1571 422 1587 448 5

195 487 295 514 vero
334 472 531 513 audiendi
569 474 668 512 sunt
701 469 864 524 Cynici,
903 473 977 511 aut
1013 470 1050 511 si
1090 471 1161 524 qui
1198 470 1371 512 fuerunt
1402 468 1536 511 Stoici

195 546 329 586 paene
362 530 527 585 Cynici,
562 530 634 584 qui
666 528 983 584 reprehendunt
1015 531 1057 569 et
1088 529 1291 582 inrident,
1331 529 1443 583 quod
1475 543 1536 582 ea,

197 605 304 644 quae
336 589 480 644 turpia
512 603 597 629 non
630 588 733 640 sint,
772 588 913 628 verbis
953 587 1171 642 flagitiosa
1201 588 1422 641 ducamus,
1460 587 1538 628 illa

197 652 358 701 autem,
396 662 503 702 quae
535 647 678 701 turpia
713 646 816 699 sint,
853 646 1098 687 nominibus
1138 647 1403 700 appellemus
1437 646 1536 687 suis.

196 706 482 759 Latrocinari,
526 705 742 757 fraudare,
792 704 1033 746 adulterare
1078 718 1122 745 re
1166 708 1290 759 turpe
1336 708 1418 758 est,
1463 704 1535 745 sed
1558 716 1590 740 10

197 767 351 807 dicitur
375 779 461 806 non
488 765 687 817 obscene3
721 763 868 804 liberis
901 763 1000 804 dare
1034 777 1207 818 operam
1235 778 1278 804 re
1308 763 1538 804 honestum

198 827 275 877 est,
300 824 471 865 nomine
498 823 747 875 obscenum3
776 823 983 876 pluraque
1009 822 1052 862 in
1079 836 1173 862 eam
1199 822 1456 863 sententiam
1482 822 1536 863 ab

196 884 356 925 'eisdem
396 886 545 924 contra
582 881 878 923 verecundiam
917 881 1202 935 disputantur.
1265 880 1354 922 Nos
1394 883 1538 922 autem

196 945 396 984 naturam
441 955 670 995 sequamur
714 943 757 981 et
801 940 854 980 ab
900 939 1033 993 omni,
1080 939 1191 993 quod
1236 939 1440 981 abhorret
1483 940 1537 981 ab

198 1001 417 1043 oculorum
457 999 708 1053 auriumque
747 998 1075 1053 approbatione,
1119 998 1353 1053 fugiamus;
1398 1001 1537 1039 status
1560 993 1596 1035 15¹

197 1061 400 1112 incessus,
433 1058 565 1099 sessio
599 1057 822 1110 accubitio,
857 1057 1001 1098 vultus
1029 1057 1139 1098 oculi
1167 1072 1369 1098 manuum
1396 1061 1538 1099 motus

131 1128 194 1160 129
217 1121 361 1159 teneat
392 1117 499 1158 illud
533 1117 742 1158 decorum.
804 1115 966 1164 Quibus
1005 1116 1049 1156 in
1081 1116 1206 1157 rebus
1240 1116 1320 1157 duo
1355 1116 1538 1157 maxime

200 1179 299 1218 sunt
330 1176 551 1231 fugienda,
589 1190 640 1216 ne
679 1174 780 1228 quid
818 1175 1109 1216 effeminatum
1145 1178 1218 1215 aut
1251 1175 1381 1216 molle
1413 1177 1456 1216 et
1486 1189 1539 1216 ne

200 1236 299 1291 quid
338 1235 489 1276 durum
527 1237 602 1275 aut
633 1234 839 1275 rusticum
872 1234 939 1274 sit.
1002 1232 1090 1274 Nec
1122 1247 1222 1274 vero
1256 1233 1537 1274 histrionibus

199 1294 528 1347 oratoribusque
561 1292 873 1334 concedendum
900 1294 982 1345 est,
1014 1295 1061 1332 ut
1093 1292 1144 1332 iis
1171 1291 1275 1333 haec
1307 1295 1410 1347 apta
1441 1292 1539 1346 sint,
1560 1304 1594 1328 20

199 1353 322 1395 nobis
368 1352 589 1393 dissoluta.
663 1350 962 1392 Scaenicorum
1013 1350 1182 1404 quidem
1226 1365 1318 1392 mos
1368 1353 1538 1392 tantam

199 1412 331 1453 habet
368 1414 510 1452 vetere
549 1410 775 1464 disciplina
812 1409 1126 1462 verecundiam,
1171 1412 1217 1450 ut
1261 1410 1303 1450 in
1342 1423 1539 1451 scaenam

201 1471 291 1512 sine
324 1470 593 1525 subligaculo
625 1469 805 1523 prodeat
836 1482 979 1533 nemo3
1011 1470 1212 1509 verentur
1246 1468 1375 1522 enim,
1406 1483 1471 1522 ne,
1503 1469 1540 1509 si

202 1544 285 1584 quo
323 1543 423 1571 casu
461 1528 667 1580 evenerit,
705 1530 753 1568 ut
790 1527 981 1581 corporis
1021 1530 1165 1581 partes
1205 1527 1413 1580 quaedam
1445 1542 1539 1582 ape-

200 1589 379 1641 riantur,
412 1587 676 1641 aspiciantur
706 1600 791 1627 non
824 1586 983 1627 decore.
1033 1585 1193 1627 Nostro
1221 1586 1389 1641 quidem
1422 1600 1539 1627 more
1560 1597 1594 1622 25

201 1662 297 1689 cum
328 1646 579 1701 parentibus
612 1645 793 1700 puberes
824 1644 921 1697 filii,
959 1658 1054 1686 cum
1087 1645 1245 1686 soceris
1279 1644 1424 1700 generi
1454 1659 1540 1686 non

201 1707 412 1747 lavantur.
474 1704 714 1745 Retinenda
757 1703 890 1758 igitur
934 1706 1000 1744 est
1044 1703 1167 1744 huius
1212 1703 1379 1759 generis
1427 1718 1541 1745 verc-

203 1765 373 1818 cundia,
405 1764 659 1819 praesertim
692 1765 847 1803 natura
879 1762 971 1816 ipsa
1004 1738 1238 1816 magistraD
1244 1765 1286 1803 et
1318 1761 1432 1804 duce.

134 1802 213 1889 ἰῇ).
291 1822 398 1865 Cum
428 1825 570 1863 autem
597 1821 926 1886 pulchritudinis
951 1821 1032 1862 duo
1060 1835 1216 1875 genera
1236 1821 1334 1874 sint,
1360 1835 1541 1875 quorum

203 1883 247 1923 in
279 1882 415 1922 altero
449 1883 651 1922 venustas
684 1880 757 1932 sit,
789 1880 833 1920 in
865 1880 1000 1920 altero
1035 1879 1238 1934 dignitas,
1272 1855 1539 1921 veiiustatem
1562 1891 1594 1915 ³³0

205 1941 456 1982 muliebrem
478 1940 627 1981 ducere
643 1939 856 1991 debemus,
878 1938 1132 1993 dignitatem
1153 1938 1329 1979 virilem
1360 1937 1478 1994 Ergo
1500 1942 1542 1980 et

205 2015 229 2041 a
254 1999 395 2040 forma
420 2001 691 2039 removeatur
718 1998 855 2039 omnis
883 1997 974 2038 viro
999 2011 1084 2038 non
1111 1996 1263 2051 dignus
1285 1999 1474 2048 ornatus,
1500 2000 1542 2038 et

204 2058 302 2099 huic
323 2057 462 2098 simile
488 2057 640 2098 vitium
666 2056 710 2097 in
738 2059 861 2111 gestu
889 2058 1091 2109 motuque
1111 2059 1322 2096 caveatur.
1367 2054 1478 2097 Nam
1501 2059 1543 2097 et

205 2116 451 2172 palaestrici
484 2118 626 2156 motus
660 2118 759 2156 sunt
786 2128 911 2169 saepe
939 2113 1183 2167 odiosiores,
1217 2117 1258 2155 et
1285 2114 1542 2156 histrionum

206 2190 291 2217 non
329 2174 438 2216 nulli
477 2176 623 2229 gestus
662 2173 835 2228 ineptiis
874 2187 960 2214 non
996 2176 1167 2225 vacant,
1206 2176 1248 2214 et
1286 2173 1330 2213 in
1361 2176 1594 2225 utroqueas,

207 2248 361 2289 genere
395 2247 502 2287 quae
536 2235 634 2273 sunt
666 2236 782 2274 recta
814 2234 856 2273 et
888 2231 1116 2285 simplicia,
1154 2231 1394 2273 laudantur.
1443 2231 1543 2273 For-

208 2307 301 2335 mae
334 2295 476 2334 autem
510 2291 697 2347 dignitas
730 2290 885 2333 coloris
913 2290 1105 2350 bonitate
1136 2290 1292 2331 tuenda
1319 2293 1396 2345 est,
1428 2292 1544 2333 color

1625 2249 1634 2490 l
