1663 2490
118 216 163 246 45

118 861 161 892 46

119 1332 161 1364 47

120 2159 163 2190 48

192 96 274 138 178
589 96 792 131 LAELIUS
818 96 882 130 DE
908 96 1126 131 AMICITIA

190 204 226 245 si
258 218 326 245 res
358 205 611 259 postulabit,
643 208 686 246 et
713 203 931 245 adhibitae
956 207 1170 258 pareatur.
1220 204 1332 246 Nam
1361 206 1529 259 quibus-

189 263 304 317 dam,
344 278 451 317 quos
490 263 614 304 audio
655 263 869 317 sapientes
907 262 1081 303 habitos
1118 263 1163 304 in
1202 262 1400 314 Graecia,
1443 265 1530 319 pla-

189 323 326 363 cuisse
359 322 512 376 opinor
543 322 760 363 mirabilia
793 320 1001 375 quaedam
1032 321 1124 373 (sed
1155 322 1263 363 nihil
1297 327 1381 376 est,
1419 323 1532 377 quod

187 381 253 422 illi
285 395 369 422 non
402 383 715 435 persequantur
747 379 968 434 argutiis):
1000 380 1160 434 partim
1185 380 1411 436 fugiendas
1439 395 1530 423 esse

187 439 342 480 nimias
377 439 601 492 amicitias,
632 453 685 480 ne
716 452 888 479 necesse
922 439 978 479 sit
1009 452 1140 480 unum
1173 440 1404 481 sollicitum
1438 454 1530 481 esse

187 512 266 553 pro
299 497 513 552 pluribus3
551 497 657 538 satis
691 511 901 552 superque
934 511 1025 538 esse
1058 497 1141 538 sibi
1174 512 1347 540 suarum
1380 499 1531 553 cuique

188 571 349 609 rerum,
387 556 538 597 alienis
576 556 703 597 nimis
743 556 956 611 implicari
995 556 1227 598 molestum
1265 571 1376 611 esse,
1420 572 1530 600 com-

189 614 485 657 modissimum
530 629 622 656 esse
668 629 795 669 quam
840 614 1082 656 laxissimas
1132 615 1322 657 habenas
1372 616 1531 658 habere

189 674 420 726 amicitiae,
454 687 559 728 quas
591 673 658 715 vel
693 674 895 727 adducas,
927 688 1021 715 cum
1054 674 1178 726 velis,
1216 674 1284 714 vel
1316 678 1532 728 remitta33

188 735 317 787 caput
349 733 461 773 enim
495 747 586 774 esse
619 732 672 774 ad
706 733 829 774 beate
860 732 1088 773 vivendum
1121 733 1415 787 securitatem,
1448 749 1531 788 qua

187 791 273 832 frui
310 805 395 832 non
433 791 572 845 possit
611 791 797 843 animus,
836 790 871 832 si
911 793 1132 845 tamquam
1170 792 1386 846 parturiat
1423 807 1531 834 unus

188 865 266 905 pro
298 850 508 905 pluribus.
569 850 693 891 Alios
726 852 869 891 autem
903 850 1039 891 dicere
1072 850 1193 891 aiunt
1231 851 1367 892 multo
1401 851 1531 892 etiam

187 909 462 950 inhumanius
514 907 658 963 (quem
703 909 842 950 locum
888 909 1076 950 breviter
1124 909 1254 964 paulo
1300 912 1397 951 ante
1442 925 1532 964 per-

189 967 362 1023 strinxi)
394 968 597 1022 praesidii
629 967 948 1021 adiumentique
980 982 1127 1020 causa,
1165 982 1251 1009 non
1288 968 1532 1010 benivolen-

188 1028 274 1068 tiae
300 1041 436 1081 neque
469 1026 663 1068 caritatis
696 1027 909 1068 amicitias
943 1041 1034 1068 6556
1067 1027 1343 1081 expetendas,
1374 1028 1532 1082 itaque,

189 1089 237 1127 ut
268 1086 447 1140 quisque
486 1085 710 1127 minimum
748 1086 966 1127 firmitatis
1005 1086 1185 1127 haberet
1222 1086 1531 1140 minimumque

189 1145 361 1198 virium,
404 1145 467 1186 ita
505 1145 717 1186 amicitias
757 1145 956 1199 adpetere
995 1145 1197 1197 maxime3
1242 1159 1291 1186 ex
1335 1159 1384 1186 eo
1428 1145 1532 1194 fieri,

189 1206 236 1245 ut
268 1203 543 1245 mulierculae
575 1204 715 1258 magis
747 1204 1033 1245 amicitiarum
1070 1203 1284 1258 praesidia
1323 1207 1531 1258 quaerant

190 1278 317 1318 quam
343 1263 424 1303 viri
451 1265 494 1303 et
519 1263 668 1316 inopes
695 1277 823 1317 quam
848 1262 1040 1316 opulenti
1067 1265 1109 1303 et
1135 1263 1377 1304 calamitosi
1404 1277 1531 1316 quam

188 1322 230 1375 ii,
251 1322 323 1376 qui
343 1324 549 1376 putentur
569 1321 696 1362 beati.
734 1320 768 1362 O
789 1322 1053 1375 praeclaram
1075 1321 1348 1375 sapientiam!
1388 1319 1531 1363 Solem

189 1381 302 1422 enim
334 1395 355 1421 e
388 1380 544 1421 mundo
577 1381 731 1421 tollere
763 1380 978 1429 videntur,
1017 1380 1089 1434 qui
1121 1380 1355 1421 amicitiam
1388 1394 1410 1421 e
1441 1380 1532 1422 vita

188 1440 360 1492 tollunt,
392 1453 476 1491 qua
507 1438 615 1480 nihil
649 1453 674 1480 a
706 1438 769 1480 dis
802 1438 1105 1480 inmortalibus
1132 1439 1284 1479 melius
1312 1439 1532 1490 habemus,

189 1498 297 1540 nihil
322 1497 559 1539 iucundius.
609 1496 725 1546 Quae
752 1501 817 1539 est
843 1499 955 1539 enim
981 1497 1066 1538 ista
1092 1498 1331 1539 securitas?
1382 1496 1531 1552 Specie

190 1557 360 1612 quidem
399 1557 575 1607 blanda,
620 1556 692 1598 sed
730 1570 881 1611 reapse
918 1556 1068 1598 multis
1107 1557 1212 1599 locis
1257 1556 1530 1611 repudianda.

189 1616 338 1671 Neque
377 1616 489 1657 enim
527 1617 593 1657 est
630 1619 962 1657 consentaneum
998 1616 1134 1657 ullam
1171 1615 1399 1657 honestam
1440 1631 1531 1657 rem

190 1676 474 1729 actionemve,
511 1689 564 1716 ne
604 1675 815 1716 sollicitus
855 1675 930 1728 sis,
969 1677 1044 1716 aut
1080 1689 1166 1716 non
1205 1676 1418 1729 suscipere
1455 1678 1531 1716 aut

190 1737 434 1789 susceptam
472 1733 692 1789 deponere.
755 1732 916 1782 Quodsi
954 1748 1100 1775 curam
1139 1733 1348 1789 fugimus,
1390 1733 1531 1775 virtus

189 1793 393 1850 fugienda
429 1795 512 1846 est,
551 1807 659 1847 quae
696 1807 867 1834 11666556
906 1795 971 1833 est
1008 1807 1102 1834 cum
1142 1793 1286 1846 aliqua
1323 1807 1425 1834 cura
1462 1807 1530 1834 res

191 1854 273 1894 sibi
317 1851 556 1894 contrarias
601 1854 853 1906 aspernetur
897 1854 1024 1905 atque
1069 1851 1224 1904 oderit,
1268 1854 1316 1892 ut
1358 1851 1549 1893 bonitas·

191 1912 414 1964 malitiam,
446 1910 734 1965 temperantia
764 1910 1018 1963 lubidinem,
1049 1910 1268 1966 ignaviam
1299 1910 1531 1964 fortitud03

189 1972 335 2024 itaque
366 1969 511 2011 videas
544 1970 670 2011 rebus
702 1969 872 2011 iniustis
904 1970 1040 2010 iustos
1073 1969 1256 2010 maxime
1283 1969 1440 2022 dolere,
1471 1969 1530 2010 in-

190 2030 376 2072 bellibus
412 2029 569 2082 fortes,
606 2028 834 2084 flagitiosis
872 2028 1100 2070 modestos.
1162 2027 1281 2083 Ergo
1319 2028 1399 2069 hoc
1433 2042 1530 2082 pro-

190 2089 330 2144 prium
357 2090 423 2129 est
449 2087 580 2128 animi
606 2088 713 2129 bene
739 2087 976 2140 constituti,
1006 2090 1048 2128 et
1073 2087 1226 2128 laetari
1252 2087 1376 2128 bonis
1403 2087 1530 2128 rebus

191 2151 234 2189 et
266 2147 408 2189 dolere
444 2146 683 2188 contrariis.
746 2145 881 2195 Quam
920 2146 974 2187 ob
1012 2160 1119 2199 rem,
1158 2146 1194 2187 si
1233 2146 1347 2188 cadit
1383 2145 1429 2187 in
1467 2160 1530 2187 sa-

190 2207 377 2262 pientem
411 2206 540 2246 animi
574 2205 713 2255 dolor,
747 2206 818 2260 qui
849 2204 1042 2260 profecto
1075 2204 1209 2258 cadit,
1241 2205 1325 2246 nisi
1357 2219 1406 2246 ex
1439 2204 1529 2246 eius

191 2266 332 2307 animo
360 2265 618 2319 extirpatam
638 2264 950 2306 humanitatem
975 2264 1248 2317 arbitramur,
1275 2278 1382 2318 quae
1403 2278 1531 2305 causa

191 2328 268 2377 est,
293 2339 366 2366 cur
393 2323 627 2365 amicitiam
652 2323 844 2365 funditus
870 2323 1075 2364 tollamus
1104 2338 1125 2364 6
1150 2325 1252 2376 vita,
1283 2337 1335 2364 ne
1363 2323 1529 2378 aliquas

1553 745 1585 770 10
