1673 2505
400 88 680 124 PfflLOSOPH.
706 88 743 123 F.
770 88 802 122 V
830 91 976 123 11—32.
1271 87 1356 127 315

30 223 31 226 =
109 200 175 241 21.
202 198 366 240 Nonius
383 211 426 250 p.
452 200 540 239 297
551 210 608 249 sq.
633 197 696 238 M.
719 196 879 237 Tullius
904 195 950 236 in
969 194 1211 236 Hortensio:
1238 208 1356 248 prac-

20 262 86 301 ter
119 260 282 299 ceteros
313 255 425 297 hunc
456 257 607 296 nostra
639 255 792 296 extulit
825 254 987 295 civitas.

108 316 176 357 22.
215 315 323 356 Non.
355 328 399 368 p.
436 318 521 356 337
533 328 587 366 sq.
625 314 688 354 M.
729 313 890 354 Tullius
926 336 983 343 —
1026 313 1072 352 in
1114 311 1357 352 Hortensio:

20 375 131 417 hunc
163 372 384 426 Crassum,
424 372 495 427 qui
528 372 703 425 lentius,
741 374 789 412 ut
827 371 964 425 scitis,
1003 370 1140 411 dicere
1179 369 1358 421 solebat,

0 434 73 476 »ad
104 432 392 474 imitationem
424 431 547 485 quasi
577 430 716 472 nostri
747 430 916 484 generis
949 428 1229 471 contendisse.

109 492 176 533 23.
208 491 316 532 Non.
347 504 389 543 p.
420 493 513 531 521.
546 492 600 530 18
631 492 668 530 et
696 491 790 530 386.
822 493 848 529 9
879 488 941 530 M.
976 488 1138 529 Tullius
1173 488 1219 527 in
1250 486 1359 527 Hor-

22 551 169 593 tensio:
200 548 261 590 Ut
292 549 334 602 ii,
367 548 440 602 qui
471 547 643 589 conbibi
674 562 909 602 purpuram
941 546 1110 599 volunt,
1143 545 1360 586 sufficiunt

21 609 140 665 prius
172 608 317 649 lanam
343 606 666 648 medicamentis
697 605 963 659 quibusdam,
996 605 1056 646 sic
1082 604 1240 645 litteris
1267 604 1361 644 tali-

21 668 185 721 busque
217 666 422 707 doctrinis
455 668 553 706 ante
586 664 722 705 excoli
754 664 919 705 animos
952 666 994 704 et
1027 664 1079 705 ad
1106 662 1360 718 sapientiam

0 725 343 780 *concipiendam
374 724 495 765 inbui
528 726 570 765 et
601 723 849 778 praeparari
882 723 1011 764 decet.

109 786 177 826 24.
218 784 326 826 Non.
355 798 400 836 p.
436 785 531 825 395.
568 786 640 837 14,
677 786 770 823 461.
808 786 851 832 8,
889 781 1008 823 schol.
1046 781 1159 835 Very.
1198 780 1249 822 G.
1279 780 1313 822 I
1337 783 1362 821 1

20 856 122 885 mus.
147 842 276 884 Rhen.
301 842 347 883 X
355 842 421 883 VI
441 845 527 883 443
551 841 613 883 M.
643 841 804 882 Tullius
827 842 873 882 in
899 840 1139 882 Hortensio:
1169 842 1218 880 ut
1250 839 1363 880 enim

22 904 189 958 segetes
223 901 437 957 agricolae
470 900 676 956 subigunt
710 899 865 941 aratris
898 899 1035 940 multo
1075 901 1193 952 ante,
1235 912 1363 952 quam

25 963 183 1002 serant.

113 1020 179 1060 25.
218 1019 324 1060 Non.
356 1033 398 1071 Ρ.
430 1020 522 1060 315.
553 1021 624 1069 27,
661 1020 757 1060 241.
788 1020 856 1066 12,
892 1020 988 1059 343.
1018 1020 1071 1058 10
1105 1016 1167 1058 M.
1202 1016 1366 1057 Tullius

22 1080 67 1120 in
104 1078 346 1120 Hortensio:
391 1076 501 1125 Quid
545 1076 658 1117 enim
702 1079 776 1117 aut
816 1075 1036 1116 Herodoto
1083 1075 1246 1116 dulcius
1291 1077 1365 1115 aut

23 1136 268 1191 Thucydide
289 1135 464 1191 gravius
486 1137 561 1176 aut
580 1135 764 1176 Philisto
791 1134 963 1175 brevius
991 1136 1066 1175 aut
1085 1133 1364 1188 Theopompo

25 1196 165 1238 acrius
199 1197 273 1236 aut
303 1194 480 1249 Ephoro
513 1193 661 1234 mitius
692 1193 876 1234 inveniri
906 1193 1082 1247 potest?

112 1255 180 1296 26.
213 1254 320 1296 Non.
344 1268 388 1306 1).
412 1255 509 1295 275.
534 1257 588 1295 31
613 1252 675 1294 M.
703 1252 865 1293 Tullius
895 1253 940 1292 in
965 1251 1209 1293 Hortensio:
1241 1250 1365 1292 Unde

0 1316 167 1355 *autem
193 1312 363 1354 facilius
391 1327 519 1366 quam
547 1327 597 1353 ex
618 1311 836 1352 annalium
864 1310 1152 1352 monumentis
1180 1313 1254 1351 aut
1279 1310 1366 1350 bel-

24 1373 132 1414 licae
169 1386 236 1413 res
275 1374 348 1412 aut
387 1371 524 1412 omnis
563 1370 625 1411 rei
662 1370 761 1425 pub.
801 1369 1025 1424 disciplina
1063 1368 1366 1424 cognoscitur?

113 1431 180 1472 27.
213 1430 321 1472 Non.
346 1444 390 1482 p.
419 1432 510 1471 315.
534 1432 589 1471 21
615 1430 678 1471 M.
706 1429 868 1470 Tullius
899 1429 944 1469 in
969 1428 1212 1469 Hortensio:
1244 1427 1367 1469 Unde

27 1493 100 1532 aut
127 1489 181 1531 ad
207 1489 421 1544 agendum
448 1490 522 1530 aut
549 1488 602 1529 ad
628 1487 851 1529 dicendum
875 1487 998 1541 copia
1019 1486 1212 1541 depromi
1231 1487 1368 1529 maior

27 1548 382 1605 gravissimorum
409 1547 702 1602 exemplorum
729 1546 852 1601 quasi
875 1546 1224 1600 incorruptorum
1250 1546 1367 1587 testi-

0 1607 269 1650 zmoniorum
300 1606 474 1661 potest?

116 1667 182 1708 28.
216 1666 322 1707 Non.
347 1680 390 1718 p.
417 1669 481 1707 30.
507 1668 564 1707 26
589 1665 651 1706 M.
681 1665 843 1706 Tullius
873 1665 919 1705 in
944 1663 1187 1706 Hortensio:
1220 1662 1368 1719 Perga

28 1739 204 1780 quaeso,
235 1739 312 1766 nec
344 1724 457 1765 enim
488 1724 686 1778 imperite
719 1737 894 1765 exorsus
928 1737 985 1764 es.

117 1784 184 1826 29.
225 1784 332 1826 Non.
363 1797 408 1836 p.
445 1786 542 1825 264.
574 1785 626 1824 15
661 1782 717 1835 (p.
748 1785 845 1824 258.
875 1785 934 1824 24
974 1781 1132 1835 Quich.)
1169 1781 1232 1822 M.
1273 1781 1368 1822 Tul-

29 1843 108 1886 lius
144 1844 191 1884 in
227 1843 470 1884 Hortensio:
508 1855 667 1897 magna
705 1842 837 1882 etiam
876 1840 1008 1882 animi
1045 1840 1262 1882 contentio
1302 1840 1370 1880 ad-

0 1901 215 1944 ohibenda
247 1904 312 1942 est
343 1902 389 1942 in
420 1900 672 1955 explicando
705 1899 964 1953 Aristotele,
997 1899 1033 1940 si
1064 1900 1194 1954 leges.

118 1961 185 2002 30.
218 1961 326 2002 Non.
349 1974 393 2013 p.
426 1963 490 2002 81.
522 1963 582 2001 28
611 1959 674 2001 M.
702 1959 864 2001 Tullius
894 1960 940 2000 in
965 1958 1208 2000 Hortensio:
1242 1972 1286 1999 se
1319 1958 1371 1998 ad

31 2022 266 2061 extremum
286 2019 516 2074 pollicetur
536 2019 818 2073 prolaturum,
838 2018 868 2071 †
891 2032 998 2072 quae
1019 2032 1063 2059 se
1082 2017 1178 2072 ipsa
1198 2020 1371 2070 comest,

32 2079 145 2133 quod
177 2078 308 2120 efficit
340 2078 663 2119 dialecticorum
694 2078 818 2118 ratio.

119 2138 186 2179 31.
219 2137 326 2179 Non.
351 2152 395 2190 p.
426 2140 522 2179 383.
553 2140 608 2179 21
641 2140 678 2178 et
705 2139 803 2178 329.
834 2138 859 2177 5
891 2136 953 2177 M.
987 2135 1150 2177 Tullius
1186 2136 1232 2175 in
1262 2135 1371 2176 Hor-

0 2205 13 2231 5
32 2198 178 2238 tensio:
211 2195 378 2245 Quaero
412 2196 536 2249 enim,
566 2210 655 2236 non
688 2195 841 2249 quibus
873 2194 1094 2236 intendam
1126 2193 1253 2234 rebus
1287 2193 1373 2234 ani-

31 2269 165 2308 mum,
198 2255 272 2296 sed
304 2255 459 2309 quibus
491 2255 680 2296 relaxem
713 2269 761 2295 ac
793 2253 1024 2295 remittam.

121 2314 188 2355 32.
226 2314 413 2355 Laetam.
452 2314 542 2356 inst.
580 2314 659 2355 div.
696 2313 785 2354 ΙΙΙ
816 2316 879 2354 16.
917 2315 973 2353 12
1010 2311 1227 2353 Praeterea
1269 2311 1376 2352 illud
