1663 2490
205 47 227 87 1
236 49 256 87 1
263 47 288 87 6
724 45 788 80 DE
814 44 1013 80 OFFICIIS

201 153 398 196 videatur
440 168 532 195 esse
581 154 698 195 utile.
772 151 882 201 Quid
924 152 1090 207 igitur}>
1138 167 1421 207 possumusne
1465 159 1541 194 aut

201 213 326 254 illum
357 211 541 254 Marium
572 213 712 253 virum
742 212 904 252 bonum
934 211 1120 252 iudicare
1152 214 1226 252 aut
1257 211 1399 253 hunc?
1458 211 1541 252 Ex·

201 272 316 326 plica
335 274 463 326 atque
484 273 631 312 excute
651 269 995 325 intellegentiam
1018 272 1149 324 tuam,
1175 273 1224 311 ut
1250 270 1406 324 videas,
1433 284 1541 324 quae

203 330 260 371 sit
297 330 342 371 in
379 345 428 372 ea
467 329 664 384 [species]
702 328 843 370 forma
879 330 922 369 et
958 328 1078 370 notio
1116 328 1198 370 viri
1239 328 1354 370 boni.
1415 327 1542 380 Cadit

202 403 305 444 ergo
337 388 382 430 in
412 388 552 429 virum
583 388 744 428 bonum
775 387 949 428 mentiri
979 387 1256 428 emolumenti
1295 386 1361 428 sui
1399 401 1539 441 causa,
1578 400 1593 425 5

202 447 437 500 criminari,
474 446 736 500 praeripere,
767 445 947 487 fallere?
1008 444 1130 486 Nihil
1162 446 1356 500 profecto
1387 445 1542 487 minus.

133 516 176 549 82
201 505 283 547 Est
321 520 424 560 ergo
461 505 552 546 ulla
589 518 656 545 res
694 504 807 546 tanti
851 506 925 545 aut
968 504 1238 546 commodum
1275 504 1413 546 ullum
1450 506 1541 545 tam

202 564 502 619 expetendum,
545 565 594 604 ut
635 562 718 604 viri
760 562 862 604 boni
906 565 949 603 et
993 562 1261 617 splendorem
1305 566 1347 604 et
1386 577 1542 604 nomen

202 623 408 664 amittas?
459 621 569 670 Quid
601 624 678 675 est,
711 621 824 676 quod
856 621 1021 662 adferre
1053 623 1223 662 tantum
1251 621 1418 662 utilitas
1443 621 1542 676 ista,

203 696 311 736 quae
349 680 519 734 dicitur,
563 680 719 734 possit,
764 683 973 734 quantum
1017 679 1202 733 auferre,
1245 680 1282 721 si
1321 680 1424 721 boni
1460 679 1543 722 viri
1563 694 1594 717 xo

200 754 357 781 nomen
389 739 604 794 eripuerit,
636 739 762 780 fidem
794 738 1091 792 iustitiamque
1124 738 1384 780 detraxerit?
1432 737 1542 787 Quid

202 798 315 840 enim
346 798 544 851 interest,
576 800 722 838 utrum
754 811 805 838 ex
835 796 1008 838 homine
1041 811 1085 838 se
1117 800 1340 838 convertat
1372 797 1467 852 quis
1497 797 1543 839 in

200 858 373 898 beluam
405 871 460 898 an
490 856 677 897 hominis
707 856 848 911 figura
877 855 1178 897 inmanitatem
1212 858 1336 911 gerat
1359 856 1541 898 beluae?

132 917 184 958 21
291 915 429 964 Quid?
463 914 535 969 qui
567 915 711 956 omnia
741 916 859 956 recta
890 917 932 956 et
957 914 1140 956 honesta
1163 915 1411 970 neglegunt,
1442 915 1543 956 dum

201 975 328 1016 modo
373 974 614 1029 potentiam
657 975 990 1027 consequantur,
1032 987 1172 1015 nonne
1214 973 1327 1014 idem
1367 973 1542 1028 faciunt,
1563 985 1595 1012 15

202 1033 316 1088 quod
346 1033 395 1087 is,
428 1032 501 1086 qui
533 1032 664 1073 etiam
697 1046 890 1074 socerum
921 1032 1080 1073 habere
1111 1032 1248 1073 voluit
1280 1046 1388 1086 eum,
1423 1032 1542 1074 cuius

200 1092 293 1147 ipse
331 1091 508 1133 audacia
544 1094 696 1146 potens
734 1091 875 1132 esset?
936 1090 1055 1132 Utile
1087 1090 1125 1132 ei
1156 1090 1381 1132 videbatur
1411 1091 1543 1146 pluri-

202 1165 321 1192 mum
363 1164 490 1205 posse
534 1150 711 1191 alterius
756 1149 935 1203 invidia3
984 1149 1028 1190 id
1075 1164 1203 1203 quam
1245 1149 1453 1191 iniustum
1497 1150 1542 1190 in

200 1210 388 1265 patriam
415 1212 457 1249 et
483 1223 612 1263 quam
636 1211 763 1263 turpe
788 1210 913 1263 esset,
937 1222 1025 1249 non
1049 1208 1234 1249 videbat.
1273 1207 1371 1262 Ipse
1398 1211 1541 1250 autem

202 1282 322 1310 socer
353 1268 397 1308 in
429 1282 501 1308 ore
534 1281 700 1322 semper
726 1265 911 1308 Graecos
943 1281 1091 1308 versus
1119 1266 1168 1307 de
1193 1266 1442 1308 Phoenissis
1468 1267 1541 1308 ha·
1561 1279 1595 1304 20

201 1327 350 1381 bebat,
382 1340 489 1380 quos
522 1326 677 1379 dicam,
708 1328 757 1366 ut
786 1328 959 1380 potero,
991 1325 1206 1366 incondite
1237 1324 1437 1380 fortasse,
1469 1325 1543 1367 sed

202 1389 365 1439 tamen,
398 1387 446 1426 ut
477 1399 545 1425 res
576 1384 715 1439 possit
746 1384 960 1439 intellegi:

260 1443 387 1485 Nam
425 1441 472 1484 si
505 1443 800 1484 violandum
838 1445 914 1484 est
951 1443 1047 1497 ius,
1084 1443 1334 1498 regnandi
1365 1444 1542 1499 *gratia

260 1501 567 1544 Violandum
600 1504 695 1555 est3
727 1501 847 1543 aliis
878 1502 1030 1543 rebus
1061 1501 1311 1556 pietatem
1341 1502 1493 1543 colas.

202 1560 414 1616 Capitalis
442 1560 656 1612 [Eteocles
682 1560 750 1601 vel
776 1560 920 1614 potius
945 1559 1203 1614 Euripides],
1233 1560 1305 1615 qui
1330 1560 1373 1602 id
1397 1575 1541 1615 unum,
1561 1572 1594 1598 25

133 1632 176 1663 83
205 1620 318 1675 quod
349 1619 540 1661 omnium
572 1619 948 1660 sceleratissimum
979 1618 1121 1674 fuerit,
1152 1619 1380 1674 exceperit!
1432 1618 1542 1668 Quid

202 1679 336 1734 igitur
362 1678 529 1720 minuta
553 1677 810 1733 colligimus,
841 1677 1114 1732 hereditates,
1143 1681 1418 1732 mercaturas,
1444 1693 1542 1720 ven-

203 1738 386 1780 ditiones
423 1737 748 1778 fraudulentas?
790 1751 883 1778 ecce
921 1736 1019 1791 tibi,
1061 1736 1133 1791 qui
1169 1751 1242 1778 rex
1279 1737 1428 1792 populi
1460 1737 1542 1778 Ro-

202 1797 320 1838 mani
351 1796 632 1850 dominusque
672 1795 862 1836 omnium
900 1795 1093 1851 gentium
1128 1809 1220 1837 esse
1251 1796 1542 1850 concupiverit

202 1856 329 1909 idque
362 1854 603 1910 perfecerit!
654 1852 777 1896 Hanc
808 1854 1087 1912 cupiditatem
1118 1854 1156 1895 si
1186 1854 1413 1895 honestam
1445 1855 1539 1909 quis
1560 1867 1595 1892 so

204 1929 296 1955 esse
329 1913 442 1968 dicit,
475 1927 621 1955 amens
653 1915 735 1967 est3
766 1913 922 1968 probat
948 1912 1059 1954 enim
1085 1913 1231 1968 legum
1257 1916 1299 1954 et
1325 1913 1541 1955 libertatis

202 1973 426 2014 interitum
459 1986 688 2026 earumque
720 1972 1041 2026 oppressionem
1072 1974 1258 2013 taetram
1290 1974 1333 2013 et
1359 1972 1541 2014 detesta-

203 2031 336 2072 bilem
368 2031 603 2086 gloriosam
635 2033 772 2085 putat.
833 2029 914 2079 Qui
946 2033 1088 2071 autem
1118 2029 1281 2071 fatetur
1310 2030 1541 2073 honestum

204 2104 291 2131 non
328 2104 419 2131 esse
456 2090 502 2130 in
538 2104 587 2131 ea
625 2089 817 2141 civitate,
862 2103 969 2143 quae
1006 2089 1143 2130 libera
1180 2088 1311 2130 fuerit
1349 2104 1540 2145 quaeque

205 2162 297 2190 esse
323 2147 487 2201 debeat,
519 2161 711 2203 regnare,
744 2148 817 2189 sed
844 2148 893 2201 ei,
925 2147 997 2202 qui
1028 2147 1071 2188 id
1101 2147 1242 2189 facere
1267 2148 1417 2203 possit,
1448 2163 1540 2190 esse
1560 2160 1594 2186 35

204 2207 331 2260 utile,
363 2221 446 2261 qua
477 2207 588 2248 hunc
621 2206 919 2261 obiurgatione
952 2208 1026 2248 aut
1057 2220 1140 2260 quo
1173 2207 1317 2262 potius
1349 2207 1540 2250 convicio

206 2281 231 2307 a
261 2267 385 2308 tanto
417 2279 559 2307 errore
591 2279 717 2306 coner
755 2265 968 2307 avellere?
1029 2263 1180 2307 Potest
1218 2265 1349 2321 enim,
1386 2266 1429 2308 d1
1465 2277 1541 2308 nn-
