1663 2490
68 723 100 746 10

70 1015 101 1040 15

69 1309 102 1332 20

70 1602 104 1627 25

72 1897 106 1923 ³0

74 2191 106 2217 25

558 72 657 107 CAP.
685 77 835 107 22—24.
879 76 899 114 g
925 77 1075 107 85-90.
1378 73 1450 112 19]

117 182 211 223 tino
243 181 454 234 Archyta,
491 183 540 221 ut
578 180 755 235 opinor,
792 179 875 222 dici
912 179 1089 222 solitum
1126 182 1298 220 nostros
1338 193 1458 220 senes

119 253 453 283 commemorare
493 239 634 280 audivi
681 239 734 280 ab
785 239 882 280 aliis
927 239 1100 280 senibus
1145 238 1356 279 auditum:
1402 237 1458 278 ‘si

120 300 231 354 quis
263 299 312 339 in
343 298 537 340 caelum
571 297 893 339 ascendisset
923 300 1263 351 naturamque
1291 295 1459 336 mundi

119 361 168 400 et
211 356 651 412 pulchritudinem
696 356 918 397 siderum
968 356 1339 411 perspexisset,
1389 355 1459 395 in-

119 430 321 458 suavem
354 415 502 456 illam
535 414 928 456 admirationem
966 414 1011 456 ei
1048 413 1177 467 fore,
1221 428 1347 467 quae
1385 414 1459 454 iu-

119 474 429 518 cundissima
466 473 672 526 fuisset,
716 474 758 514 si
803 474 1044 528 aliquem,
1086 473 1164 514 cui
1201 475 1459 524 narraret,

118 532 415 575 habuisset.'
467 530 535 574 Sic
566 535 723 573 natura
743 532 984 574 solitarium
1002 531 1109 573 nihil
1132 534 1249 572 amat
1276 545 1459 585 semper-

119 607 200 647 que
233 592 285 633 ad
312 590 486 645 aliquod
512 594 735 645 tamquam
762 591 1068 632 adminiculum
1095 590 1321 644 adnititur,
1347 589 1458 643 quod

119 652 164 693 in
195 650 455 692 amicissimo
489 664 670 715 quoque
690 650 982 691 dulcissimum
1017 652 1093 691 est.

207 708 290 751 Sed
321 724 416 752 cum
454 711 522 750 tot
559 708 695 764 signis
733 709 881 750 eadem
917 712 1073 750 natura
1111 708 1315 758 declaret,
1359 706 1461 761 quid
1475 706 1530 747 24

120 768 237 823 velit,
268 768 480 822 anquirat,
512 767 742 822 desideret,
773 771 919 809 tamen
949 766 1292 809 obsurdescimus
1317 766 1461 807 nescio

120 842 204 882 quo
236 827 362 869 modo
392 841 468 869 nec
494 841 554 879 ea,
582 841 690 881 quae
717 827 771 868 ab
792 841 842 868 ea
862 840 1097 879 monemur,
1129 825 1338 867 audimus.
1381 824 1463 865 Est

121 887 233 928 enim
265 886 410 927 varius
449 888 492 927 et
528 886 756 940 multiplex
793 900 895 927 usus
934 885 1170 937 amicitiae,
1215 885 1461 938 multaeque

120 959 273 987 causae
306 944 597 999 suspicionum
630 944 997 998 offensionumque
1030 944 1198 997 dantur,
1230 957 1336 997 quas
1368 945 1460 983 tum

121 1004 300 1057 evitare,
343 1006 449 1044 tum⁴
479 1003 664 1057 elevare,
707 1006 799 1044 tum
842 1002 954 1044 ferre
999 1002 1206 1056 sapientis
1252 1005 1335 1054 est,
1378 1016 1463 1042 una

120 1063 198 1104 illa
229 1061 493 1103 sublevanda
524 1061 702 1103 offensio
736 1064 814 1115 est,
845 1064 894 1102 ut
926 1063 969 1102 et
999 1061 1167 1102 utilitas
1194 1061 1238 1101 in
1271 1060 1463 1101 amicitia

121 1124 164 1163 et
194 1121 298 1162 fides
330 1120 582 1161 retineatur:
613 1135 713 1161 nam
747 1123 789 1161 et
820 1119 1021 1161 monendi
1053 1119 1178 1160 amici
1209 1133 1336 1173 saepe
1363 1123 1463 1159 sunt

121 1183 164 1222 et
196 1179 464 1233 obiurgandi,
496 1182 539 1220 et
566 1179 672 1220 haec
698 1179 944 1233 accipienda
970 1179 1116 1231 amice,
1143 1193 1238 1220 cum
1265 1177 1462 1219 benivole

120 1239 241 1280 fiunt.
302 1236 384 1279 Sed
414 1238 557 1279 nescio
591 1252 674 1292 quo
708 1238 834 1279 modo
865 1252 1014 1279 verum
1047 1240 1125 1290 est,
1157 1236 1271 1291 quod
1302 1237 1347 1277 in
1378 1235 1462 1277 An·
1490 1246 1533 1277 89

122 1298 216 1339 dria
245 1296 474 1338 familiaris
505 1311 625 1338 meus
658 1296 777 1338 dicit:

181 1355 491 1410 Obsequium
523 1355 731 1409 amicos,
763 1356 960 1397 veritas
993 1354 1161 1396 odium
1194 1354 1343 1409 parit.

121 1415 308 1457 Molesta
338 1415 511 1468 veritas,
542 1414 753 1469 siquidem
785 1429 834 1456 ex
867 1429 917 1455 ea
942 1414 1134 1455 nascitur
1160 1413 1317 1464 odium,
1350 1412 1463 1466 quod

123 1477 189 1516 est
213 1488 423 1515 venenum
443 1473 669 1527 amicitiae,
695 1473 769 1514 sed
794 1473 1046 1527 obsequium
1068 1473 1206 1514 multo
1226 1472 1464 1525 molestius,

123 1533 237 1588 quod
256 1533 442 1588 peccatis
461 1532 689 1588 indulgens
709 1532 988 1587 praecipitem
1009 1532 1194 1573 amicum
1219 1530 1323 1572 ferri
1344 1531 1464 1582 sinit3

123 1606 324 1634 maxuma
355 1594 500 1633 autem
531 1591 658 1646 culpa
687 1591 733 1632 in
764 1605 835 1645 eo,
873 1591 945 1645 qui
984 1594 1026 1632 et
1056 1591 1284 1632 veritatem
1323 1604 1464 1644 asper-

122 1654 251 1692 natur
282 1653 325 1692 et
355 1650 400 1691 in
430 1649 625 1691 fraudem
657 1649 862 1704 obsequio
894 1649 1129 1704 inpellitur.
1177 1648 1304 1690 Omni
1329 1648 1464 1704 igitur

122 1711 203 1751 hac
234 1709 280 1750 in
311 1723 355 1750 re
387 1709 585 1751 habenda
616 1709 728 1750 ratio
761 1712 805 1750 et
836 1709 1062 1764 diligentia
1094 1711 1172 1762 est,
1202 1708 1390 1763 primum
1416 1710 1464 1748 u‘t

124 1768 304 1810 monitio
349 1768 602 1821 acerbitate,
647 1767 797 1809 deinde
833 1770 882 1809 ut
919 1767 1165 1823 obiurgatio
1203 1766 1464 1808 contumelia

123 1830 286 1881 careat,
316 1827 362 1868 in
393 1827 599 1881 obsequio
630 1830 793 1881 autem,
824 1826 1026 1881 quoniam
1048 1826 1306 1868 Terentiano
1332 1825 1464 1867 verbo

125 1887 324 1928 lubenter
354 1886 534 1939 utimur,
572 1886 753 1928 comitas
786 1886 918 1940 adsit,
957 1885 1217 1938 adsentatio,
1260 1884 1464 1926 vitiorum

124 1945 322 1999 adiutrix,
352 1945 502 2000 procul
530 1948 792 1999 amoveatur,
819 1959 925 1999 quae
950 1959 1038 1986 non
1062 1944 1189 1986 modo
1216 1943 1366 1998 amico,
1393 1943 1465 1985 sed

122 2019 176 2046 ne
208 2005 342 2046 libero
376 2004 545 2058 quidem
579 2004 710 2059 digna
741 2006 824 2057 est3
856 2004 982 2045 aliter
1009 2003 1122 2044 enim
1148 2017 1244 2045 cum
1270 2006 1465 2057 tyranno,

124 2063 250 2105 aliter
282 2078 377 2105 cum
409 2063 546 2105 amico
578 2063 750 2104 vivitur.
811 2062 941 2105 Cuius
973 2064 1117 2103 autem
1144 2076 1268 2103 aures
1294 2062 1464 2103 clausae
1491 2071 1536 2103 90

123 2122 299 2164 veritati
325 2124 438 2176 sunt,
468 2125 518 2163 ut
543 2122 596 2163 ab
624 2122 761 2164 amico
781 2136 930 2163 verum
951 2121 1096 2163 audire
1115 2123 1313 2176 nequeat,
1338 2121 1464 2162 huius

126 2182 242 2223 salus
275 2181 539 2236 desperanda
572 2183 649 2223 est.
700 2179 864 2223 Scitum
896 2183 962 2222 est
993 2180 1106 2222 enim
1137 2180 1246 2222 illud
1275 2178 1466 2231 Catonis,

125 2243 173 2282 ut
205 2241 359 2281 multa:
393 2240 597 2281 ‘melius
631 2240 687 2282 de
721 2240 1023 2294 quibusdam
1056 2240 1267 2281 acerbos
1299 2238 1465 2280 inimi-

125 2313 208 2342 cos
248 2299 436 2341 mereri
481 2314 635 2354 quam
674 2314 758 2341 eos
804 2299 1011 2351 amicos,
1057 2298 1141 2352 qui
1179 2298 1351 2339 dulces
1395 2297 1465 2337 vi-
