1673 2505
353 81 623 118 POEMATUM
660 81 704 117 H.
731 81 781 116 IV
807 92 828 115 a
853 93 887 115 v.
914 86 1111 117 539—612.
1319 84 1403 125 377

0 199 52 236 30
67 191 310 245 Inflexoque
343 204 455 245 genu
486 190 677 244 proiecto
710 203 888 244 corpore
921 188 1087 230 Taurus

64 250 123 292 Et
154 248 322 291 Gemini
355 249 518 290 clarum
550 248 759 290 iactantes
793 248 957 289 lucibus
989 248 1145 303 ignem.

66 308 182 350 Haec
213 306 285 348 Sol
319 310 492 348 aeterno
525 307 737 349 convestit
769 307 929 348 lumine
961 306 1169 360 lustrans,

65 367 220 409 Annua
250 366 477 407 conficiens
509 365 693 407 vertenti
725 368 922 420 tempora
954 380 1089 406 cursu,

65 425 146 466 Hic
178 427 386 479 quantum
418 424 544 465 terris
577 438 789 465 convexus
821 425 998 479 pellitur
1031 423 1164 476 orbis,
1337 433 1405 464 580

0 490 50 529 35
64 483 332 525 Tantundem
366 483 439 524 ille
471 485 622 537 patens
657 497 810 536 supera
843 483 1098 524 mortalibus
1131 482 1252 523 cedit.

65 540 146 583 Sex
178 542 294 583 omni
327 556 495 596 semper
527 541 681 583 cedunt
714 542 905 582 labentia
936 544 1080 594 nocte,

65 600 148 642 Tot
179 600 344 641 caelum
377 614 523 641 rursus
555 599 767 656 fugientia
798 600 922 655 signa
953 600 1156 641 revisunt.

64 658 158 700 Hoc
189 659 376 714 spatium
409 661 586 700 tranans
619 658 754 700 caecis
786 674 869 700 nox
902 659 1072 700 conficit
1104 657 1285 712 umbris,

65 716 186 766 Quod
218 732 372 772 supera
403 721 541 758 terras
573 718 713 771 prima
745 717 794 758 de
825 720 950 759 nocte
982 718 1179 759 relictum
1336 727 1404 758 585

24 774 279 832 OSignifero
313 791 364 817 ex
396 777 498 818 orbe
531 779 595 817 est
628 779 670 817 et
702 776 923 832 signorum
957 776 1104 817 ordine
1134 776 1305 817 fultum.

124 833 284 883 Quodsi
317 833 429 876 Solis
463 849 561 876 aves
594 838 732 876 certos
765 849 1022 890 cognoscere
1054 849 1219 889 cursus,

64 893 194 935 Ortus
227 894 449 949 signorum
480 897 690 935 nocturno
722 896 916 948 tempore
948 894 1077 945 vises3

63 951 177 994 Nam
210 967 377 1007 semper
410 953 580 1007 signum
613 953 806 994 exoriens
839 952 969 993 Titan
999 952 1134 993 trahit
1165 967 1308 993 unum.

65 1010 140 1052 Sin
172 1014 314 1052 autem
347 1011 537 1053 officiens
571 1012 706 1067 signis
738 1026 860 1053 mons
895 1012 1091 1052 obstruet
1124 1011 1237 1052 altus
1336 1022 1408 1053 590·

25 1069 155 1113 5Aut
188 1070 377 1111 adiment
409 1071 546 1111 lucem
579 1085 703 1112 caeca
734 1070 918 1125 caligine
949 1070 1101 1123 nubes,

65 1128 216 1170 Certas
247 1129 339 1183 ipse
370 1132 497 1170 notas
530 1130 637 1170 caeli
670 1129 718 1170 de
751 1129 940 1184 tegmine
974 1143 1144 1169 sumens

64 1187 194 1229 Ortus
228 1190 355 1241 atque
387 1188 530 1229 obitus
564 1202 710 1229 omnes
744 1202 1001 1242 cognoscere
1033 1187 1186 1242 possis.

64 1245 180 1295 Quae
213 1246 340 1288 simul
373 1247 572 1300 existant⁷
605 1261 767 1298 cerneS‚
800 1261 907 1300 quae
939 1248 1134 1300 tempore
1167 1246 1315 1287 eodem

63 1305 352 1360 Praecipitem:
385 1305 568 1358 obitum,
599 1308 809 1346 nocturno
842 1308 1036 1360 tempore
1066 1319 1229 1347 nosces.
1336 1316 1404 1347 595

11 1369 50 1407 'O
122 1363 214 1405 Iam
247 1364 374 1405 simul
407 1379 455 1406 ac
479 1364 666 1419 primum
698 1378 851 1418 supero
884 1378 928 1405 se
961 1363 1121 1405 lumine
1154 1362 1348 1405 Cancer

62 1422 250 1477 Extulit,
283 1423 496 1477 extemplo
530 1423 642 1464 cedit
673 1423 850 1477 delapsa
883 1422 1066 1468 Corona,

62 1482 121 1523 Et
153 1482 248 1523 loca
279 1482 465 1523 convisit
496 1482 631 1523 cauda
661 1484 786 1523 tenus
817 1481 956 1522 infera
988 1481 1134 1523 Piscis.

62 1540 298 1582 Dimidiam
330 1541 487 1581 retinet
519 1540 657 1581 stellis
690 1540 893 1582 distincta
925 1539 1094 1582 Corona

63 1599 237 1640 Partem
258 1599 387 1640 etiam
403 1613 557 1653 supera
571 1602 698 1654 atque
714 1600 798 1640 alia
815 1600 865 1640 de
885 1601 1008 1654 parte
1029 1599 1200 1641 revulsa
1220 1602 1303 1654 est3
1336 1612 1407 1642 600

25 1657 203 1706 5Quam
234 1660 380 1699 tamen
410 1658 648 1713 insequitur
679 1658 812 1699 Piscis
843 1672 920 1699 nec
951 1660 1069 1699 totus
1103 1658 1156 1699 ad
1187 1659 1361 1700 umbras

64 1716 264 1771 Tractus,
297 1717 370 1758 sed
403 1731 554 1772 supero
589 1719 808 1758 contectus
841 1731 1019 1771 corpore
1051 1717 1173 1758 cedit.

63 1775 208 1830 Atque
239 1790 410 1818 umeros
442 1790 575 1830 usque
609 1791 634 1817 a
665 1776 844 1831 genibus
878 1776 1124 1830 clarumque
1156 1777 1348 1818 recondit

63 1835 360 1890 Anguitenens
392 1835 546 1876 validis
578 1849 784 1890 maguum
817 1850 841 1875 a
873 1834 1107 1876 cervicibus
1140 1834 1349 1891 Anguem.

63 1892 156 1934 Iam
188 1908 287 1935 vero
320 1893 618 1948 Arctophylax
649 1908 734 1934 non
767 1908 901 1947 aequa
932 1895 1056 1948 parte
1089 1897 1274 1949 secatur3
1337 1906 1407 1937 605·

24 1951 177 1996 ONam
208 1952 379 1993 brevior
411 1952 528 1994 clara
560 1953 667 1994 caeli
699 1952 749 1993 de
780 1955 904 2006 parte
936 1952 1121 2006 videtur,

63 2010 264 2065 Amplior
295 2011 485 2052 infernas
519 2011 720 2066 depulsus
753 2011 945 2066 possidet
976 2011 1162 2054 umbras.

64 2068 278 2118 Quattuor
308 2070 377 2111 hic
410 2070 558 2111 obiens
591 2085 734 2112 secum
766 2070 968 2111 deducere
1001 2070 1126 2125 signa

64 2127 278 2184 Signifero
312 2129 423 2170 solet
455 2144 505 2170 ex
537 2129 649 2183 orbi3
682 2131 774 2170 tum
807 2130 942 2170 serius
974 2129 1083 2183 ipse,

63 2186 170 2229 Cum
203 2202 357 2243 supera
389 2202 481 2229 sese
514 2188 690 2229 satiavit
722 2189 832 2241 luce,
863 2188 1024 2229 recedit
1335 2199 1405 2230 610

64 2247 168 2288 Post
199 2246 383 2288 mediam
415 2247 565 2288 labens
600 2247 716 2289 claro
749 2262 845 2288 cum
877 2261 1054 2302 corpore
1084 2249 1266 2288 noctem.

63 2304 180 2348 Haec
213 2306 393 2347 obscura
424 2308 574 2347 tenens
607 2306 822 2348 convestit
854 2306 994 2347 sidera
1025 2306 1174 2360 tellus3
