1663 2490
207 53 263 92 48
731 51 795 85 DE
821 50 1020 85 ormons

207 174 284 200 sua
315 159 474 213 solum,
507 159 580 200 sed
612 159 742 200 etiam
775 159 975 212 aliorum,
1010 159 1071 200 sic
1101 160 1145 200 in
1178 160 1303 201 domo
1336 160 1442 202 clari
1473 160 1545 201 ho*

208 218 352 271 minis,
395 218 440 258 in
484 232 610 271 quam
652 221 694 258 et
731 217 924 271 hospites
963 217 1088 258 multi
1127 218 1357 273 recipiendi
1396 221 1439 260 et
1477 219 1546 260 ad-

206 276 417 317 mittenda
435 275 656 317 hominum
677 276 878 329 cuiusque
900 275 1013 318 modi
1035 277 1278 329 multitudo,
1305 277 1546 318 adhibenda

206 349 309 376 cura
340 338 406 376 est
437 335 648 387 laxitatis;
681 335 807 375 aliter
839 335 983 388 ampla
1015 334 1164 376 domus
1198 335 1393 376 dedecori
1419 350 1546 390 saepe

207 393 379 434 domino
411 394 479 445 fit,
517 394 553 434 si
586 396 651 433 est
688 393 732 433 in
765 407 813 433 ea
846 392 1050 446 solitudo,
1090 397 1132 434 et
1163 394 1365 447 maxime,
1403 395 1440 435 si
1471 394 1546 435 ali·
1583 406 1595 432 ε

207 452 377 506 quando
415 452 500 492 alio
539 451 710 492 domino
747 451 875 492 solita
907 454 973 492 est
1002 452 1278 505 frequentari.
1341 451 1546 494 Odiosum

207 514 273 551 est
305 511 435 563 enim,
468 525 563 551 cum
596 525 622 550 a
653 510 1026 564 praetereuntibus
1059 510 1231 552 dicitur:

267 584 292 610 o
326 569 500 610 domus
533 568 764 622 antiqua,
796 568 891 609 heu
922 583 1068 622 quam
1102 568 1300 624 dispari

268 627 540 669 Dominare
574 627 796 668 domino!

209 686 321 741 quod
361 686 531 740 quidem
569 685 635 726 his
680 685 947 740 temporibus
985 686 1030 726 in
1068 686 1217 728 multis
1255 687 1356 728 licet
1397 686 1546 729 dicere
1567 700 1598 724 10

142 756 206 786 140
227 744 473 786 Cavendum
506 747 648 786 autem
670 747 746 797 est,
777 745 1032 799 praesertim
1065 745 1101 785 si
1133 745 1225 799 ipse
1257 745 1464 799 aedifices,
1494 760 1547 787 ne

209 806 331 844 extra
368 803 541 845 modum
580 806 754 857 sumptu
795 806 837 844 et
875 803 1194 858 magnificentia
1225 804 1425 858 prodeas3
1464 819 1546 859 quo

207 863 251 903 in
274 876 427 917 genere
448 862 632 903 multum
653 862 755 903 mali
781 862 911 902 etiam
937 862 982 902 in
1007 863 1201 916 exemplo
1229 866 1305 903 est.
1350 861 1546 904 Studiose

209 922 322 962 euim
354 921 548 976 plerique
580 921 834 975 praesertim
872 921 917 961 in
948 920 1058 962 hanc
1089 924 1257 976 partem
1289 922 1404 963 facta
1435 922 1547 976 prin-

208 995 351 1034 cipum
381 979 619 1032 imitantur,
651 982 699 1020 ut
727 979 771 1020 L.
806 979 993 1033 Luculli,
1025 980 1180 1020 summi
1212 980 1309 1033 viri,
1341 981 1546 1021 virtutem
1567 991 1600 1017 15

209 1039 333 1093 quis?
366 1042 411 1079 at
443 1053 572 1092 quam
597 1038 723 1079 multi
749 1038 950 1079 villarum
978 1039 1343 1093 magnificentiam
1368 1039 1546 1080 imitati!

209 1112 389 1151 quarum
429 1097 600 1151 quidem
645 1099 758 1138 certe
797 1100 862 1137 est
899 1096 1164 1138 adhibendus
1196 1097 1346 1138 modus
1379 1097 1433 1139 ad
1464 1112 1547 1139 me-

209 1156 554 1209 diocritatemque
584 1155 856 1197 revocandus.
918 1155 1164 1209 Eademque
1194 1156 1467 1198 mediocritas
1495 1157 1547 1198 ad

209 1229 378 1256 omnem
410 1229 534 1256 usum
566 1215 812 1268 cultumque
850 1215 963 1255 vitae
995 1214 1295 1256 transferenda
1327 1218 1403 1256 est.
1466 1213 1546 1256 Sed

207 1274 313 1315 haec
344 1274 564 1315 hactenus.
1567 1286 1600 1310 20

140 1342 203 1373 141
296 1332 347 1373 In
385 1332 501 1373 omni
539 1334 682 1373 autem
721 1332 887 1373 actione
926 1332 1197 1386 suscipienda
1234 1332 1320 1373 tria
1358 1335 1457 1372 sunt
1488 1335 1546 1372 te-

208 1391 364 1444 nenda,
397 1392 583 1445 primum
614 1395 663 1432 ut
698 1391 915 1445 appetitus
942 1391 1102 1431 rationi
1128 1394 1295 1445 pareat,
1328 1405 1411 1444 quo
1437 1391 1546 1432 nihil

209 1454 274 1492 est
306 1450 359 1491 ad
392 1450 532 1491 officia
570 1449 860 1491 conservanda
898 1449 1280 1503 accommodatius,
1319 1449 1467 1491 deinde
1499 1452 1547 1490 ut

208 1509 588 1562 animadvertatur,
615 1512 776 1573 quanta
801 1508 878 1549 illa
903 1522 970 1549 les
998 1509 1072 1561 sit,
1099 1522 1228 1562 quam
1255 1507 1420 1549 efficere
1446 1508 1546 1549 veli-

209 1582 321 1621 nmS,
352 1570 402 1608 ut
432 1582 537 1609 neve
569 1568 706 1609 maior
737 1582 841 1608 neve
875 1567 1014 1608 minor
1046 1581 1148 1608 cura
1179 1570 1222 1608 et
1255 1581 1385 1621 opera
1417 1567 1545 1609 susci·
1566 1579 1598 1604 25
1656 1574 1660 1578 '

207 1628 363 1682 piatur,
396 1641 523 1681 quam
557 1641 684 1668 causa
716 1626 916 1680 postulet.
979 1625 1172 1666 Tertium
1204 1629 1286 1679 est,
1323 1629 1370 1666 ut
1402 1640 1531 1667 cavea

208 1700 320 1739 mus,
357 1689 406 1726 ut
444 1700 509 1739 ea,
549 1700 656 1739 quae
693 1685 909 1739 pertinent
947 1684 999 1725 ad
1031 1685 1255 1725 liberalem
1287 1684 1471 1738 speciem
1504 1688 1546 1726 et

209 1744 481 1800 dignitatem,
515 1745 736 1786 moderata
769 1744 865 1784 sint.
915 1742 1067 1784 Modus
1095 1746 1236 1784 autem
1265 1746 1330 1783 est
1357 1743 1546 1797 optimus

209 1804 334 1844 decus
371 1804 513 1857 ipsum
551 1806 715 1856 tenere,
754 1803 803 1843 de
843 1816 925 1855 quo
966 1805 1064 1843 ante
1103 1802 1304 1855 diximus,
1343 1816 1419 1843 1166
1451 1816 1546 1856 pro-

210 1861 328 1916 gredi
355 1862 538 1915 longius.
587 1860 755 1903 Horum
782 1864 927 1901 tamen
958 1861 1089 1901 trium
1121 1860 1545 1914 praestantissimum
1565 1871 1598 1897 ³0

138 1952 194 1992 40
209 1923 274 1961 est
307 1921 545 1974 appetitum
578 1924 874 1975 optemperare
907 1919 1075 1960 rationi.

140 2004 204 2035 142
296 1978 506 2034 Deinceps
528 1979 578 2020 de
599 1979 744 2020 ordine
766 1993 903 2019 rerum
934 1980 977 2018 et
997 1977 1046 2018 de
1068 1978 1363 2032 oportunitate
1383 1981 1547 2032 tempo«

208 2053 303 2079 rum
335 2038 557 2079 dicendum
596 2041 672 2079 est.
734 2037 851 2078 Haec
887 2039 1030 2078 autem
1063 2037 1241 2077 scientia
1272 2037 1546 2078 continentur

209 2112 276 2150 ea,
309 2111 437 2150 quam
458 2095 610 2139 Graeci
636 2093 840 2146 εὐταξίαν
863 2095 1106 2147 nominant,
1138 2109 1224 2136 non
1255 2095 1383 2149 hanc,
1417 2110 1545 2150 quam

207 2156 543 2209 interpretamur
585 2155 907 2203 modestiam,
958 2168 1040 2207 quo
1093 2154 1137 2194 in
1187 2154 1318 2195 verbo
1370 2154 1544 2196 modus
1565 2164 1596 2191 8⁵
1650 2164 1663 2195 ²]

207 2214 331 2267 inest,
365 2214 436 2254 sed
469 2214 546 2256 illa
577 2217 643 2255 est
674 2211 866 2266 εὐταξία,
898 2213 941 2253 in
974 2227 1057 2266 qua
1082 2212 1351 2267 intellegitur
1384 2212 1544 2254 ordinis

207 2273 485 2314 conservatio.
536 2272 706 2327 Itaque,
738 2275 785 2313 ut
812 2272 987 2313 eandem
1012 2285 1090 2312 nos
1118 2271 1374 2312 modestiam
1402 2271 1545 2326 appel-
