1663 2490
369 62 458 97 LIB.
485 62 510 97 1.
563 61 663 96 eAP.
689 66 746 105 30,
772 65 828 97 31.
878 64 897 103 g
925 65 1119 96 109-114.
1358 61 1415 102 39

76 173 325 212 naturarum
346 171 514 210 tantam
534 169 666 211 habet
685 169 784 221 vim,
804 171 853 211 ut
870 183 957 211 non
976 183 1210 222 numquam
1231 171 1414 210 mortem

50 270 52 272 .
77 229 159 271 sibi
179 229 270 283 ipse
290 228 550 270 consciscere
572 228 682 269 alius
703 228 867 281 debeat,
888 228 997 269 alius
1019 228 1081 279 [in
1100 227 1247 268 eadem
1267 229 1413 279 causa]

75 302 162 329 non
200 286 364 328 debeat.
426 286 540 328 Num
577 287 689 328 enim
728 287 814 328 alia
850 287 894 328 in
931 301 1059 328 causa
1090 285 1144 327 M.
1177 286 1285 328 Cato
1319 286 1415 339 fuit,

77 346 162 388 alia
188 345 329 399 ceteri,
355 345 427 399 qui
453 360 498 387 se
523 345 568 386 in
588 345 737 387 Africa
757 344 929 387 Caesari
950 344 1246 386 tradiderunt?
1279 345 1415 398 Atqui

40 417 57 443 5
77 405 229 447 ceteris
260 404 445 445 forsitan
477 404 582 446 vitio
616 404 762 445 datum
795 407 919 457 esset,
952 404 987 445 si
1015 418 1058 445 se
1083 403 1414 455 interemissent,

74 465 304 519 propterea
342 463 454 517 quod
492 463 630 504 lenior
671 477 817 504 eorum
855 463 946 504 vita
983 465 1026 504 et
1063 477 1202 504 mores
1243 462 1415 503 fuerant

74 522 309 574 faciliores,
347 521 501 564 Catoni
540 536 635 564 cum
672 521 965 563 incredibilem
1002 521 1227 562 tribuisset
1260 523 1416 562 natura

76 580 334 637 gravitatem
373 595 551 634 eamque
587 581 679 635 ipse
717 584 924 635 perpetua
962 580 1206 622 constantia
1242 580 1415 621 robora-

74 640 208 682 visset
252 654 503 694 semperque
546 640 591 680 in
634 640 857 694 proposito
903 642 1186 694 susceptoque
1236 638 1414 680 consilio

25 712 57 737 ιο
75 698 401 754 permansisset,
432 697 699 740 moriendum
731 699 874 753 potius
908 713 1035 753 quam
1067 698 1240 752 tyranni
1268 697 1415 738 vultus

75 757 343 812 aspiciendus
384 757 478 799 fuit.
540 756 676 806 Quam
715 757 852 798 multa
890 772 1042 812 passus
1076 760 1141 798 est
1173 755 1322 798 Ulixes
1353 756 1398 798 in
1421 768 1484 798 113

74 816 152 858 illo
190 831 334 858 errore
372 816 590 869 diuturno,
629 831 723 858 cum
762 819 805 857 et
842 816 1112 870 mulieribus,
1153 816 1189 857 si
1221 814 1341 858 Circe
1373 817 1416 856 et

76 874 264 930 Calypso
302 875 503 916 mulieres
542 875 823 930 appellandae
861 878 977 928 sunt,
1021 874 1248 916 inserviret
1292 877 1334 916 et
1371 874 1415 914 in

76 934 192 976 omni
225 948 419 976 sermone
451 934 650 976 omnibus
688 934 920 975 adfabilem
954 935 1015 985 [et
1044 933 1290 986 iucundum]
1324 947 1417 975 esse

23 1005 57 1031 15
76 1007 120 1034 se
152 993 301 1034 vellet!
333 993 449 1034 domi
480 1008 581 1034 vero
614 992 744 1034 etiam
777 993 1059 1034 contumelias
1093 1007 1314 1033 servorum
1346 1006 1416 1033 an-

75 1052 357 1106 cillarumque
388 1052 589 1107 pertulit,
620 1054 668 1093 ut
700 1051 753 1093 ad
784 1051 827 1092 id
859 1051 1100 1105 aliquando,
1134 1050 1247 1105 quod
1278 1051 1415 1105 cupie-

75 1111 162 1164 bat,
194 1111 369 1152 veniret.
418 1110 479 1152 At
504 1111 626 1164 Aiax,
659 1125 742 1164 quo
775 1109 916 1151 animo
949 1110 1146 1163 tiaditur,
1179 1110 1318 1151 milies
1344 1124 1416 1164 op-

75 1173 220 1225 petere
264 1172 447 1211 mortem
491 1184 620 1224 quam
662 1169 740 1211 illa
783 1169 950 1224 perpeti
994 1143 1230 1222 maluisset.
1299 1168 1415 1216 Quae

76 1229 416 1283 contemplantes
438 1228 672 1283 expendere
693 1228 923 1283 oportebit,
944 1228 1044 1294 quid
1065 1228 1243 1282 quisque
1256 1227 1417 1269 habeat

23 1300 57 1326 20
77 1288 154 1341 sui,
185 1302 318 1342 eaque
344 1287 558 1329 moderari
582 1302 660 1329 nec
685 1287 796 1328 velle
822 1287 1019 1341 experiri,
1049 1301 1179 1341 quam
1205 1301 1249 1328 se
1277 1287 1417 1328 aliena

77 1346 270 1400 deceant3
310 1347 353 1387 id
391 1347 503 1388 enim
541 1361 737 1388 maxume
776 1361 985 1400 quemque
1024 1346 1160 1399 decet,
1199 1346 1313 1400 quod
1350 1348 1416 1386 est

76 1406 278 1460 cuiusque
309 1420 506 1447 maxume
538 1420 672 1447 suum.
721 1405 854 1447 Suum
883 1405 1061 1460 quisque
1088 1405 1222 1460 igitur
1246 1407 1398 1446 noscat
1420 1415 1486 1446 114

75 1465 297 1520 ingenium
324 1479 547 1519 acremque
574 1479 618 1506 se
644 1467 687 1505 et
712 1465 922 1506 bonorum
949 1467 991 1505 et
1011 1464 1215 1505 vitiorum
1241 1478 1416 1505 suorum

76 1523 259 1565 iudicem
291 1524 513 1580 praebeat,
550 1538 603 1565 ne
636 1523 817 1565 scaenici
848 1523 945 1577 plus
978 1538 1107 1577 quam
1138 1537 1216 1564 nos
1247 1522 1416 1564 videan-

25 1595 58 1621 25
77 1585 148 1624 tur
185 1582 343 1624 habere
381 1583 643 1637 prudentiae.
705 1581 778 1623 Illi
815 1583 928 1623 enim
966 1597 1052 1623 non
1084 1585 1301 1636 optumas,
1343 1581 1417 1623 sed

77 1642 160 1683 sibi
180 1641 662 1684 accommodatissumas
682 1640 851 1682 fabulas
879 1642 1064 1696 eligunt3
1091 1641 1162 1695 qui
1188 1655 1290 1682 voce
1315 1640 1416 1682 freti
1442 1638 1446 1640 ’

77 1703 195 1755 sunt,
237 1700 459 1757 Epigonos
497 1700 770 1754 Medumque,
815 1700 887 1754 qui
928 1703 1070 1755 gestu,
1113 1699 1416 1754 Melanippam,

77 1758 420 1814 Clytemestram,
448 1774 615 1814 semper
635 1759 845 1814 Rupilius,
872 1773 997 1813 quem
1018 1773 1096 1815 ego
1119 1759 1305 1812 memini,
1330 1758 1416 1800 An-

78 1819 261 1874 tiopam,
308 1833 396 1860 non
439 1833 566 1874 saepe
609 1818 804 1873 Aesopus
843 1817 1029 1859 Aiacem.
1097 1817 1216 1873 Ergo
1260 1817 1415 1860 histrio

26 1889 60 1915 so
78 1877 158 1919 hoc
186 1877 350 1920 videbit
374 1878 419 1918 in
445 1892 609 1931 scaena,
640 1892 728 1919 non
752 1877 914 1918 videbit
940 1877 1110 1932 sapiens
1136 1877 1202 1918 vir
1226 1876 1271 1918 in
1296 1876 1416 1918 vita?

77 1937 146 1978 Ad
171 1951 276 1991 quas
301 1937 436 1992 igitur
462 1952 529 1978 res
556 1936 771 1991 aptissimi
798 1936 967 1990 erimus,
996 1937 1040 1977 in
1065 1936 1117 1977 iis
1143 1936 1416 1991 potissimum

78 1996 414 2049 elaborabimus3
446 1996 512 2037 sin
544 1996 774 2050 aliquando
806 1995 1040 2037 necessitas
1071 2010 1150 2037 nos
1183 1995 1236 2036 ad
1269 2009 1318 2036 ea
1350 1995 1417 2036 de-

77 2055 270 2110 truserit,
315 2070 422 2109 quae
464 2055 603 2096 nostri
645 2054 807 2110 ingenii
850 2069 937 2096 non
981 2057 1122 2108 erunt,
1167 2054 1304 2096 omnis
1347 2054 1416 2095 ad-

77 2113 263 2156 hibenda
294 2115 375 2155 erit
407 2128 519 2168 cura,
539 2113 792 2180 meditatio,
826 2113 1068 2169 diligentia,
1100 2116 1149 2154 ut
1181 2127 1231 2154 ea
1263 2113 1300 2154 si
1329 2127 1416 2154 non

27 2183 60 2210 35
80 2172 239 2226 decore,
265 2175 311 2214 at
336 2188 464 2228 quam
490 2173 665 2214 minime
690 2172 886 2214 indecore
912 2172 1051 2214 facere
1076 2172 1310 2227 possimus3
1338 2186 1416 2213 nec

77 2233 169 2272 tam
195 2235 260 2273 est
285 2232 541 2286 enitendum,
569 2235 618 2274 ut
643 2232 767 2284 bona,
794 2245 901 2285 quae
926 2231 1051 2273 nobis
1078 2231 1179 2272 data
1204 2245 1290 2272 non
1317 2231 1417 2297 sint,

79 2304 323 2353 sequamur,
356 2306 484 2346 quam
515 2266 564 2332 iit
595 2290 702 2332 vitia
734 2290 962 2345 fugiamus.
