1663 2490
110 571 152 601 67

109 1392 152 1423 68

111 2098 153 2129 59

179 100 236 140 24
699 99 764 134 DE
790 99 987 135 omucns

179 208 265 249 rari
299 210 374 249 aut
405 210 555 263 optare
588 210 663 249 aut
694 210 891 262 expetere
923 210 1121 262 oportere
1152 208 1344 262 nullique
1376 223 1513 264 neque

179 267 343 308 homini
380 281 517 321 neque
554 266 869 321 perturbationi
908 266 1040 307 animi
1069 280 1146 307 nec
1182 265 1380 309 fortunae
1419 269 1513 310 sub·

179 326 387 367 cumbere.
449 325 601 366 Altera
644 328 710 366 est
751 338 838 378 res,
880 327 945 379 ut,
989 339 1084 366 cum
1127 325 1190 366 ita
1234 325 1292 366 sis
1338 326 1514 368 affectus

180 384 341 438 animo,
372 386 422 425 ut
452 398 582 438 supra
614 383 717 436 dixi,
749 397 815 424 res
849 396 972 440 geras
999 397 1178 438 magnas
1210 383 1309 425 illas
1343 385 1512 438 quidem

179 446 223 483 et
247 456 443 484 maxume
469 443 609 495 utiles,
636 442 708 483 sed
741 443 825 494 [ut]
856 437 1130 483 vehementer
1162 442 1316 483 arduas
1347 443 1513 497 plenas-

181 516 261 555 que
299 501 497 542 laborum
536 504 580 542 et
615 500 902 556 periculorum
940 515 1035 542 cum
1072 501 1204 554 vitae,
1235 504 1330 542 tum
1361 503 1514 543 multa·

180 575 274 601 rum
306 574 466 612 rerum,
499 573 606 613 quae
639 558 691 600 ad
721 560 855 600 vitam
886 559 1113 613 pertinent.
1174 559 1340 601 Harum
1372 575 1514 601 rerum

181 619 360 659 duarum
392 618 595 673 splendor
627 617 783 670 omnis,
815 618 1071 672 amplitudo,
1104 618 1212 659 addo
1245 619 1375 660 etiam
1401 619 1514 660 utili-

179 680 332 730 tatem,
358 677 402 718 in
428 677 664 731 posteriore
691 679 773 730 est,
799 690 927 718 causa
952 679 1095 718 autem
1121 680 1164 717 et
1188 677 1300 718 ratio
1327 677 1513 719 efficiens

180 750 360 791 magnos
391 735 507 776 viros
544 735 588 776 in
626 734 786 790 priore3
825 735 871 776 in
910 749 958 776 eo
998 738 1063 776 est
1101 734 1213 776 enim
1245 736 1370 789 illud,
1402 737 1514 790 quod

180 795 436 836 excellentes
469 793 633 835 animos
666 796 710 835 et
733 793 922 835 humana
953 796 1274 835 contemnentes
1299 794 1416 836 facit.
1465 794 1514 836 Id

180 855 323 894 autem
349 853 491 908 ipsum
517 852 703 894 cernitur
728 852 771 893 in
798 852 980 906 duobus,
1013 853 1049 894 si
1081 856 1123 893 et
1150 853 1289 894 solum
1315 853 1370 907 id,
1403 854 1515 908 quod

179 912 408 953 honestum
447 912 521 963 sit,
558 912 717 952 bonum
748 911 906 953 iudices
946 913 988 952 et
1026 911 1080 952 ab
1113 911 1229 952 omni
1262 911 1393 952 animi
1424 927 1515 967 per-

180 970 426 1013 turbatione
458 945 567 1012 lib⁷er
598 971 667 1011 sis.
729 969 842 1011 Nam
875 972 917 1011 et
949 985 1015 1023 ea,
1047 984 1155 1024 quae
1181 970 1336 1012 eximia
1366 971 1514 1025 pleris-

181 1044 261 1084 que
294 1032 336 1070 et
367 1029 588 1084 praeclara
614 1029 823 1083 videntur,
848 1044 982 1083 parva
1007 1029 1157 1070 ducere
1190 1043 1322 1084 eaque
1347 1029 1514 1071 ratione

181 1088 329 1130 stabili
368 1088 575 1141 firmaque
620 1090 889 1129 contemnere
937 1087 1064 1129 fortis
1110 1087 1240 1129 animi
1286 1088 1514 1143 magnique

180 1147 415 1189 ducendum
460 1149 542 1200 est,
592 1149 634 1188 et
678 1160 744 1199 ea,
795 1161 902 1200 quae
946 1146 1143 1187 videntur
1193 1147 1362 1200 acerba,
1407 1161 1514 1201 quae

179 1206 318 1247 multa
349 1208 392 1246 et
416 1206 537 1246 varia
561 1205 605 1246 in
629 1205 851 1246 hominum
876 1205 967 1246 vita
992 1204 1249 1259 fortunaque
1274 1209 1513 1258 versantur,

179 1265 242 1306 ita
271 1264 401 1318 ferre,
438 1266 487 1305 ut
522 1264 631 1305 nihil
669 1279 694 1305 a
731 1267 847 1305 statu
884 1267 1062 1305 naturae
1100 1264 1309 1318 discedas,
1348 1264 1457 1305 nihil
1490 1279 1514 1305 a

181 1323 393 1378 dignitate
425 1322 651 1377 sapientiS,
683 1323 851 1364 robusti
878 1323 1009 1364 animi
1035 1325 1101 1364 est
1127 1337 1392 1378 magnaeque
1418 1337 1512 1364 con-

180 1382 376 1424 stantiae.
450 1381 549 1423 Non
592 1383 657 1422 est
701 1383 842 1422 autem
886 1384 1237 1436 consentaneum,
1282 1381 1354 1436 qui
1398 1385 1514 1423 metu

178 1455 265 1483 non
289 1440 527 1495 frangatur,
555 1454 650 1481 eum
676 1439 816 1495 frangi
838 1440 1076 1506 eupiditate
1100 1455 1189 1493 nec,
1210 1440 1281 1494 qui
1307 1440 1513 1481 invictum

180 1514 224 1541 se
257 1514 282 1541 a
312 1499 460 1540 labore
492 1498 776 1553 praestiterit,
807 1498 918 1540 vinci
951 1514 976 1540 a
1006 1499 1240 1554 voluptate.
1290 1497 1426 1547 Quam
1459 1499 1513 1540 ob

179 1573 270 1600 rem
309 1561 351 1599 et
387 1557 492 1599 haec
528 1557 704 1599 vitanda
744 1560 786 1598 et
817 1557 1019 1611 pecuniae
1049 1557 1253 1613 fugienda
1285 1558 1513 1612 cupiditas,

179 1617 288 1659 nihil
321 1617 433 1658 enim
466 1619 532 1658 est
562 1619 654 1658 tam
680 1616 853 1671 angusti
880 1616 1012 1658 animi
1036 1619 1211 1671 tamque
1236 1616 1358 1671 parvi
1385 1631 1511 1670 quam

182 1690 325 1718 amare
346 1675 536 1728 divitias,
555 1675 664 1716 nihil
683 1674 905 1716 honestius
932 1675 1359 1731 magnificentiusque
1385 1689 1512 1729 quam

180 1734 404 1790 pecuniam
441 1736 727 1787 contemnere,
767 1734 803 1775 si
840 1748 925 1775 non
962 1734 1140 1789 habeas,
1178 1734 1214 1776 si
1251 1734 1428 1786 habeas,
1461 1734 1514 1775 ad

181 1793 504 1835 beneficentiam
519 1793 910 1846 liberalitatemque
925 1793 1126 1834 conferre.
1166 1791 1364 1834 Cavenda
1384 1792 1513 1834 etiam

181 1855 247 1893 est
279 1852 442 1907 gloriae
469 1851 698 1906 cupiditas,
730 1854 779 1892 ut
804 1865 934 1906 supra
960 1851 1064 1905 dixi3
1095 1851 1224 1906 eripit
1251 1851 1362 1893 enim
1389 1851 1513 1893 liber-

180 1913 334 1964 tatem,
372 1925 448 1965 pro
489 1925 572 1964 qua
610 1910 895 1966 magnanimis
933 1910 1036 1951 viris
1080 1910 1218 1951 omnis
1258 1910 1383 1952 debet
1421 1924 1512 1952 esse

181 1970 411 2011 contentio.
460 1967 549 2010 Nec
581 1983 681 2010 vero
707 1968 886 2023 imperia
917 1968 1153 2023 expetenda
1185 1983 1232 2011 ac
1263 1969 1408 2024 potius
1440 1971 1514 2010 aut

181 2042 268 2070 non
288 2027 531 2082 accipienda
557 2027 772 2069 interdum
798 2031 871 2068 aut
897 2027 1145 2081 deponenda
1164 2042 1250 2069 non
1268 2042 1513 2082 numquam.

180 2086 430 2129 Vacandum
462 2089 605 2127 autem
637 2086 754 2127 omni
785 2088 851 2127 est
882 2086 1013 2127 animi
1044 2086 1387 2140 perturbatione,
1418 2101 1513 2128 cum

181 2145 414 2200 cupiditate
441 2147 483 2186 et
509 2147 637 2198 metu,
656 2148 748 2186 tum
775 2144 904 2186 etiam
930 2145 1196 2199 aegritudine
1223 2148 1266 2186 et
1290 2145 1513 2199 voluptate

180 2204 314 2246 nimia
352 2207 394 2244 et
430 2203 666 2256 iracundia,
698 2206 746 2244 ut
784 2203 1077 2257 tranquillitas
1117 2203 1249 2244 animi
1281 2206 1324 2244 et
1362 2203 1513 2245 securi-

180 2267 248 2305 tas
286 2263 416 2316 adsit,
460 2276 566 2316 quae
606 2262 730 2303 affert
773 2276 867 2303 cum
905 2262 1209 2316 constantiam,
1253 2265 1345 2304 tum
1384 2262 1513 2304 etiam

181 2321 447 2378 dignitatem.
496 2320 623 2361 Multi
650 2322 792 2362 autem
825 2323 868 2362 et
894 2323 994 2361 sunt
1025 2323 1068 2362 et
1092 2320 1282 2375 fuerunt,
1309 2321 1381 2376 qui
1408 2335 1514 2370 eam,

421 2388 438 2403 S

1536 748 1566 772 10

1537 1040 1566 1064 15

1532 1334 1565 1360 20

1533 1627 1566 1652 25

1532 1921 1566 1946 30

1533 2213 1565 2239 35
