1663 2490
532 72 632 108 CAP.
658 76 692 117 3,
717 76 750 108 4.
793 76 813 115 ς
839 76 963 108 ‘1-12.
1327 72 1409 114 135

76 182 178 236 quia.
208 179 475 222 conscientia
505 179 613 220 bene
647 182 765 221 actae
805 179 920 221 vitae
956 179 1275 233 multorumque
1312 179 1418 220 bene

75 240 291 281 factorum
324 237 567 279 recordatio
600 238 906 280 iucundissima
943 240 1020 279 est.
1080 237 1176 292 Ego
1209 236 1256 286 Q.
1286 236 1419 278 Maxi-

75 312 204 350 mum,
240 311 337 338 eum
365 296 438 350 qui
458 296 689 337 Tarentum
723 297 895 351 recepit,
920 310 1063 337 senem
1084 296 1331 338 adulescens
1357 295 1420 337 ita

78 355 220 408 dilexi,
257 357 306 396 ut
344 355 588 408 aequalem3
626 358 719 396 erat
751 356 863 396 enim
902 355 945 396 in
976 355 1054 396 illo
1090 355 1183 396 viro
1216 354 1419 396 comitate

42 427 56 453 ⁵
78 413 250 457 condita
271 413 478 467 gravitas,
503 427 580 455 nec
605 416 800 455 senectus
828 428 966 455 mores
988 416 1247 466 mutaverat3
1275 427 1420 467 quam—

76 487 205 527 quam
240 486 337 513 eum
372 473 510 514 colere
542 472 662 526 coepi
693 487 779 513 non
811 472 1038 514 admodum
1072 472 1277 528 grandem
1303 474 1420 525 natu,

76 531 149 573 sed
186 533 339 571 tamen
377 530 463 571 iam
504 533 646 572 aetate
683 534 946 585 provectum.
1006 531 1132 572 Anno
1169 531 1282 572 enim
1320 532 1420 584 post

76 590 228 632 consul
262 589 448 644 primum
481 589 633 642 fuerat,
666 604 793 643 quam
826 604 905 645 ego
937 592 1065 631 natus
1097 604 1209 644 sum,
1241 602 1419 642 cumque

76 661 126 690 eo
160 652 365 702 quartum
397 648 572 690 consule
605 647 950 690 adulescentulus
982 649 1106 691 miles
1143 648 1196 690 ad
1228 646 1420 702 Capuam

23 720 56 745 ιο
74 706 298 762 profectus
348 721 444 748 sum
489 706 724 761 quintoque
767 721 879 749 anno
923 710 1024 762 post
1069 707 1122 750 ad
1171 706 1419 748 Tarentum.

75 764 290 814 Quaestor
323 765 473 806 deinde
512 765 791 819 quadriennio
829 768 928 821 post
959 766 1099 808 factus
1137 780 1249 818 sum,
1294 779 1420 819 quem

77 824 386 879 magistratum
431 824 545 879 gessi
588 824 835 866 consulibus
880 824 1095 867 Tuditano
1135 826 1179 865 et
1217 823 1420 879 Cethego,

75 897 172 925 cum
200 883 370 937 quidem
396 882 470 924 ille
503 882 731 924 admodum
764 897 892 924 senex
923 897 1076 925 suasor
1106 882 1215 938 legis
1248 882 1420 924 Cinciae

77 941 128 982 de
160 941 283 982 donis
316 944 359 983 et
392 941 638 982 muneribus
670 940 765 982 fuit.
825 940 908 982 Hic
940 944 984 982 et
1014 942 1142 983 bella*
1163 942 1341 996 gerebat
1371 944 1420 982 ut

23 1012 55 1037 15
76 1000 347 1054 adulescens,
385 1014 481 1041 cum
514 1000 641 1054 plane
675 999 849 1054 grandis
881 1002 1011 1054 esset,
1049 1003 1092 1041 et
1129 999 1419 1041 Hannibalem

74 1059 322 1100 iuveniliter
351 1058 616 1099 exultantem
642 1058 853 1112 patientia
879 1072 956 1100 sua
982 1058 1225 1112 molliebat3
1257 1059 1308 1100 de
1334 1072 1418 1112 quo

73 1117 295 1173 praeclare
327 1116 553 1158 familiaris
585 1120 732 1158 noster
763 1116 952 1157 Ennius:

132 1175 273 1217 Unus
305 1175 457 1217 homo
488 1175 644 1217 nobis
677 1175 964 1216 cunctando
997 1175 1237 1216 restituit
1268 1189 1383 1216 rem.

132 1233 362 1276 Noenum
394 1248 628 1275 rumores
660 1234 891 1288 ponebat
923 1236 1042 1275 ante
1076 1234 1306 1275 salutem.

21 1305 54 1331 ιο
133 1292 271 1349 Ergo
322 1296 548 1347 postque
598 1292 868 1348 magisque
918 1292 1017 1333 viri
1065 1306 1195 1334 nunc
1251 1292 1418 1348 gloria

1063 1351 1239 1393 claret

75 1410 309 1452 Tarentum
341 1425 442 1452 vero
482 1425 566 1465 qua
603 1409 850 1464 vigilantia,
895 1424 979 1464 quo
1017 1410 1197 1452 consilio
1239 1410 1418 1464 recepit!

74 1483 170 1511 cum
203 1469 374 1523 quidem
412 1483 480 1510 me
519 1467 717 1510 audiente
751 1467 1004 1522 Salinatori,
1043 1469 1115 1523 qui
1155 1468 1313 1510 amisso
1347 1483 1418 1523 op-

75 1528 175 1583 pido
219 1527 393 1583 fugerat
435 1528 479 1568 in
518 1542 676 1580 arcem,
721 1527 928 1583 glorianti
966 1530 1094 1581 atque
1138 1527 1201 1569 ita
1244 1527 1418 1568 dicenti:

74 1586 200 1628 ‘Mea
219 1600 391 1641 opera,
412 1585 459 1635 Q.
474 1585 616 1640 Fabi,
635 1585 909 1627 Tarentum
929 1586 1206 1641 recepisti’:
1226 1584 1419 1640 ³Certe’,

23 1657 56 1682 2⁵
74 1645 216 1699 inquit
247 1644 408 1698 ridens,
447 1644 575 1686 ‘nam
607 1644 710 1686 nisi
741 1647 794 1686 tu
826 1645 1111 1698 amisisses,
1147 1658 1418 1698 numquam

75 1702 412 1758 recepissem?
475 1702 565 1745 Nec
596 1717 697 1745 vero
729 1703 773 1744 in
806 1704 936 1744 armis
968 1703 1259 1758 praestantior
1289 1717 1417 1757 quam

74 1763 118 1804 in
150 1764 273 1818 toga3
306 1762 379 1816 qui
410 1762 558 1804 consul
591 1762 749 1803 iterum
781 1760 852 1816 Sp.
885 1760 1072 1803 Carvilio
1104 1762 1273 1817 collega
1305 1761 1418 1815 quie-

75 1823 219 1863 scente
246 1819 291 1863 C.
310 1820 522 1862 Flaminio
545 1821 720 1862 tribuno
747 1821 898 1875 plebis,
920 1821 1059 1874 quoad
1079 1820 1236 1875 potuit,
1256 1820 1420 1862 restitit

75 1894 228 1935 agrum
265 1879 484 1921 Picentem
523 1882 567 1921 et
605 1879 820 1921 Gallicum
858 1879 1022 1921 viritim
1060 1882 1210 1922 contra
1242 1882 1417 1921 senatus

24 1949 58 1975 ³⁰
75 1938 378 1981 auctoritatem
421 1937 644 1992 dividenti3
699 1952 920 1992 augurque
964 1953 1060 1980 cum
1104 1940 1236 1992 esset,
1280 1937 1418 1979 dicere

76 2012 204 2040 ausus
242 2000 308 2038 est
346 1997 557 2052 optimis
596 1997 843 2052 auspiciis
889 2011 943 2038 ea
989 1996 1118 2052 geri,
1163 2010 1288 2051 quae
1327 2011 1417 2051 pro

75 2056 148 2098 rei
197 2056 439 2111 publicae
483 2056 651 2097 salute
697 2058 1018 2111 gererentur3
1067 2069 1192 2110 quae
1239 2057 1419 2097 contra

75 2119 178 2156 rem
209 2114 469 2170 publicam
500 2114 779 2168 ferrentur,
811 2117 993 2156 contra
1024 2113 1255 2170 auspicia
1279 2113 1418 2155 ferri.

75 2172 217 2214 Multa
246 2173 292 2215 in
322 2188 372 2215 eo
405 2173 497 2215 viro
530 2173 753 2229 praeclara
790 2173 991 2228 cognovi3
1029 2172 1102 2214 sed
1139 2172 1248 2214 nihil
1287 2172 1417 2214 admi-

25 2241 57 2269 ³⁵
76 2232 276 2286 rabilius,
302 2246 431 2287 quam
458 2246 542 2287 quo
575 2232 701 2274 modo
728 2232 800 2272 ille
830 2235 1012 2273 mortem
1045 2232 1124 2273 filii
1160 2231 1278 2284 tulit,
1311 2231 1418 2273 clari

77 2290 159 2333 viri
190 2293 234 2332 et
258 2291 508 2333 consularis.
551 2289 634 2333 Est
652 2290 697 2332 in
717 2290 915 2333 manibus
936 2290 1139 2345 laudatio,
1166 2305 1296 2345 quam
1321 2304 1418 2332 cum

1446 270 1487 302 10

1446 1418 1486 1451 11

1446 2182 1488 2214 12
