1673 2505
438 65 736 101 ORATIONUM.
762 65 804 101 A.
831 65 899 100 VII
925 70 1074 101 31—40.
1337 68 1418 109 251

175 175 244 217 35.
274 175 477 216 Asconius
499 188 543 226 22·
575 175 640 215 65.
671 178 696 215 9
728 173 900 215 Statim:

175 233 316 274 Antea
347 247 447 274 vero
480 246 608 285 quam
640 232 874 273 multarum
902 246 1043 273 rerum
1070 232 1224 273 iudicia
1250 233 1422 274 sublata

89 293 186 345 sint,
218 294 260 333 et
292 292 392 346 quia
424 291 555 344 scitis,
586 293 821 345 praetereo,
853 292 896 332 et
920 305 972 332 ne
998 304 1125 344 quem
1151 291 1194 331 in
1221 291 1422 333 iudicium

89 351 226 394 oratio
259 365 353 391 mea
383 363 583 391 revocare
614 349 821 390 videatur.

52 423 69 449 5
235 409 353 451 Bello
389 409 553 461 Italico,
596 409 704 461 quod
737 409 820 459 suit
855 408 1171 450 adulescentibus
1210 409 1313 462 illis,
1353 411 1424 462 qui

146 473 232 510 tum
263 469 308 509 in
337 480 381 508 re
403 467 570 520 publica
599 467 793 520 viycbant,
825 480 914 508 cuni
940 467 1060 508 multi
1086 467 1215 508 Varia
1241 467 1320 520 leye
1343 469 1421 509 ini-

145 541 220 581 que
248 527 554 579 damnarentur,
585 526 704 578 quasi
734 526 778 566 isl
803 526 947 566 belluni
975 526 1058 567 illis
1082 526 1311 568 auctoribus
1335 540 1424 568 con-

144 587 291 639 flatum
321 587 427 638 esset,
459 584 692 637 crebraeque
722 584 956 636 defectiones
986 584 1227 626 Italicorum
1257 587 1423 627 nuntia-

144 648 296 698 rentur,
326 647 500 685 nanctus
530 644 679 684 iustitii
709 644 953 684 occasionem
980 647 1142 685 senatus
1167 644 1344 695 decrevit,
1375 659 1426 686 ne

34 718 67 743 ιο
144 704 309 753 iudicia,
334 704 432 744 dum
456 702 653 744 tumultus
675 701 849 744 Italicus
872 705 980 756 esset,
1005 706 1289 757 exercerentur,
1320 705 1427 756 quocl

145 764 343 805 decretum
373 775 416 803 eo
447 765 618 814 tempore
648 762 693 802 in
718 761 968 802 contionibus
991 762 1137 814 populi
1160 775 1274 814 saepe
1298 763 1425 816 ayita-

146 825 232 863 tum
268 823 365 862 erat.
432 819 651 873 Supererat
686 823 821 861 autem
857 833 905 861 cx
943 820 1017 874 eis,
1054 821 1126 872 qui
1161 821 1235 862 illa
1272 821 1426 863 iudicia

145 882 386 930 metuerant,
428 879 563 932 viyens
600 882 685 920 tuni
721 879 899 920 mazeline
936 877 977 921 C.
1017 878 1157 931 Curio,
1189 882 1308 932 pater
1346 879 1425 922 Gu-

144 940 275 981 rionis
305 938 570 980 adulescentis
600 938 703 991 cius,
739 938 810 990 qut
846 937 943 978 bello
980 938 1091 979 civili
1122 937 1310 980 Caesaris
1343 939 1428 991 fuit

34 1011 67 1036 15
139 999 337 1052 partium.

573 1052 754 1087 PAULO
782 1052 917 1087 POST
922 1064 932 1084 .-

176 1116 243 1157 36.
263 1113 364 1156 Non
383 1113 455 1155 Cn.
475 1112 707 1155 Dolabella
727 1112 770 1154 C.
791 1112 1054 1167 Volcacium,
1072 1113 1426 1157 honestissimum

86 1175 243 1228 virum,
275 1172 491 1215 communi
523 1175 566 1213 et
597 1172 810 1213 cotidiano
842 1172 934 1213 iure
965 1172 1197 1227 privasset,

233 1233 330 1274 Duo
366 1233 535 1283 fuerunt
570 1245 612 1273 eo
650 1234 822 1284 tempore
858 1230 930 1273 On.
962 1231 1214 1286 Dolabellae,
1254 1247 1427 1286 quorum

33 1305 68 1331 20
146 1292 319 1334 alterum
351 1290 393 1333 G.
426 1290 577 1333 Caesar
607 1291 827 1343 accusavit,
858 1290 1033 1331 alterum
1063 1291 1126 1332 M.
1158 1290 1349 1334 Scaurus.

176 1351 243 1392 37.
274 1364 358 1392 non
383 1349 564 1403 denique
589 1349 718 1390 homo
745 1349 919 1390 illorum
946 1351 988 1390 et
1013 1349 1104 1390 vita
1130 1352 1173 1390 et
1198 1350 1427 1405 prudentia

87 1411 216 1465 longe
249 1408 483 1462 dissimilis,
516 1408 589 1449 sed
620 1410 766 1449 tamen
791 1408 919 1448 nimis
944 1407 990 1449 in
1022 1408 1303 1463 gratificando
1335 1410 1426 1451 iure

87 1469 215 1521 liber,
245 1467 291 1509 L.
325 1466 525 1519 Sisenna,
556 1467 767 1508 bonorum
800 1465 874 1507 Cn.
907 1465 1079 1508 Corneli
1109 1469 1426 1522 possessionem

88 1543 139 1569 ex
164 1527 301 1569 edicto
328 1541 404 1568 suo
425 1526 470 1568 P.
492 1525 691 1580 Scipioni,
718 1525 978 1567 adulescenti
1001 1540 1167 1567 summa
1185 1527 1427 1582 nobilitate,

35 1597 69 1625 25
89 1586 244 1629 eximia
276 1585 435 1627 virtute
466 1584 680 1640 praedito,
712 1599 798 1626 non
830 1584 1026 1626 (ledisset.

233 1645 326 1686 Hoc
349 1645 479 1686 solum
503 1644 568 1685 liic
592 1644 871 1685 adnotandum
895 1646 964 1698 est,
993 1643 1099 1686 hunc
1123 1658 1204 1686 esse
1222 1645 1271 1686 L.
1291 1644 1426 1687 Sisen-

146 1718 263 1758 nam,
294 1704 366 1757 qui
394 1716 458 1745 res
489 1702 702 1744 Romanas
731 1704 902 1755 scripsit.

177 1763 244 1805 38.
287 1763 412 1804 Arus.
448 1762 571 1803 Bless.
608 1776 652 1815 2).
689 1764 776 1803 220
814 1760 949 1803 Cicero
985 1775 1064 1814 pro
1102 1761 1310 1804 Cornelio:
1355 1777 1429 1804 cur

87 1836 199 1864 nunc
230 1821 423 1875 redeant,
457 1821 493 1862 si
524 1822 626 1862 tunc
659 1820 824 1876 gratiae
857 1820 1156 1862 concesserint.

35 1891 70 1918 30
177 1881 244 1923 39.
275 1881 405 1923 Illart.
438 1879 533 1933 Gap.
568 1880 714 1921 V492
738 1893 779 1932 p.
811 1882 906 1921 468.
937 1882 990 1920 16
1020 1880 1164 1921 Halm.
1195 1880 1252 1921 In
1285 1879 1429 1922 Corne-

89 1940 206 1982 liana
227 1941 372 1993 prima
401 1952 626 1993 repityiiare
656 1939 764 1991 elicit,
794 1941 841 1980 ut
866 1938 1085 1992 divisores,
1118 1953 1224 1993 quos
1250 1939 1428 1981 honoris

89 1999 155 2041 sui
186 1999 406 2040 ministros
440 2012 531 2040 esse
563 1997 780 2051 voluerat,
811 1997 907 2053 lege
939 1997 1127 2038 ambitus
1159 1998 1291 2039 vellet
1323 1998 1430 2040 affli-

90 2071 200 2113 gere.

176 2117 245 2159 40.
275 2117 423 2159 Ascon.
447 2130 492 2170 p.
524 2120 587 2159 66.
620 2121 646 2158 9
685 2115 841 2169 Quare,
879 2130 974 2156 cum
1012 2115 1093 2157 hoc
1129 2116 1314 2171 populus
1346 2116 1429 2157 Ro-

36 2185 70 2212 85
90 2189 241 2217 manus
272 2176 435 2217 videret
465 2178 506 2217 et
533 2190 628 2217 cum
654 2190 679 2216 a
704 2174 891 2216 tribunis
917 2174 1055 2229 plebis
1084 2174 1313 2226 doceretur,
1344 2175 1429 2215 nisi

88 2248 227 2289 poena
258 2235 508 2276 accessisset
538 2235 583 2276 in
617 2234 836 2287 divisores,
869 2233 1061 2289 extingui
1085 2234 1282 2275 ambitum
1307 2234 1427 2275 nullo

89 2293 214 2335 modo
258 2308 405 2348 posse,
452 2294 592 2349 legem
636 2293 747 2335 hanc
789 2291 961 2334 Corneli
1003 2292 1253 2348 flagitabat,
1296 2292 1429 2346 illam,
