1663 2490
500 108 600 144 CAP.
627 112 684 152 22,
710 111 765 144 23.
816 111 834 150 ξ
861 111 1010 143 80—85.
1331 111 1409 150 161

75 218 301 260 convenire
333 229 450 268 ave0,
482 230 589 269 quos
620 216 712 271 ipse
744 215 937 272 cognovi,
970 214 1043 256 sed
1068 215 1167 256 illos
1195 216 1336 269 etiam,
1365 216 1413 257 de

17 319 19 321 ,
76 275 230 330 quibus
263 273 407 316 audivi
437 276 481 315 et
512 274 600 329 legi
632 277 674 315 et
704 274 796 329 ipse
828 273 1073 328 conscripsi.
1124 271 1215 322 Quo
1245 274 1415 327 quidem

77 349 144 376 me
175 332 517 389 proficiscentem
548 332 662 374 haud
690 347 791 374 sane
819 333 913 387 quis
938 331 1063 374 facile
1090 333 1316 374 retraxerit
1338 347 1415 374 nec

75 396 298 446 tamquam
328 391 494 432 Peliam
526 392 746 433 recoxerit.
791 391 849 433 Et
881 391 916 433 si
948 391 1043 445 quis
1071 391 1172 432 deus
1199 390 1304 432 mihi
1330 392 1413 432 lar-

41 469 56 495 5
77 451 241 508 giatur,
271 453 321 492 ut
351 465 402 492 ex
432 450 514 492 hac
546 452 685 491 aetate
718 465 1013 505 repuerascam
1046 453 1089 491 et
1119 450 1164 491 in
1196 450 1313 492 cunis
1346 464 1415 491 va-

76 510 210 566 giam,
254 508 380 551 valde
411 508 607 551 vrecusem
646 523 723 550 nec
760 524 860 551 vero
898 509 1027 551 velim
1072 509 1194 563 quasi
1239 509 1415 550 decurso

76 568 218 624 spatio
250 568 304 609 ad
329 582 519 610 carceres
547 582 572 609 a
597 568 712 610 calce
738 568 941 610 revocari.
1003 565 1112 616 Quid
1138 567 1271 609 habet
1303 567 1415 609 enim

79 627 170 669 vita
201 626 443 669 commodi?
483 626 583 680 quid
614 641 701 669 non
731 627 875 681 potius
909 626 1099 668 laboris?
1144 625 1227 668 Sed
1256 626 1416 668 habeat

77 700 195 740 sane,
239 685 371 727 habet
402 688 517 727 certe
554 688 701 727 tamen
732 689 807 727 aut
848 686 1094 727 satietatem
1126 688 1201 727 aut
1231 685 1416 728 modum.

25 763 57 788 ιο
76 744 176 787 Non
207 745 328 786 lubet
360 744 473 786 enim
506 744 612 785 mihi
643 744 867 799 deplorare
892 744 1040 799 vitam,
1073 744 1185 799 quod
1211 745 1349 799 multi,
1375 747 1417 786 et

75 804 107 846 ii
144 803 276 858 docti,
320 817 447 858 saepe
485 802 694 857 fecerunt,
737 818 874 858 neque
911 818 978 845 me
1016 803 1174 845 vixisse
1213 804 1416 858 paenitet,

76 862 279 918 quoniam
310 862 374 903 ita
401 862 500 916 vixi,
530 864 579 903 ut
606 876 692 903 non
710 861 874 903 frustra
893 877 960 903 me
980 865 1131 903 natum
1152 862 1417 917 existumem,

77 925 122 964 et
153 936 203 963 ex
235 921 325 963 vita
356 921 420 962 ita
452 921 619 962 discedo
646 924 868 975 tamquam
895 936 945 962 ex
971 921 1174 976 hospitio,
1204 935 1291 963 non
1310 924 1417 963 tam-

76 995 205 1035 quam
237 994 259 1021 e
291 979 428 1021 domo.
470 977 775 1021 Commorandi
801 980 914 1021 enim
940 982 1096 1021 natura
1123 979 1417 1022 devorsorium

25 1057 57 1082 15
75 1039 214 1093 nobis,
244 1053 331 1080 non
361 1038 588 1080 habitandi
620 1038 746 1080 dedit.
797 1037 831 1080 Ο
864 1039 1134 1093 praeclarum
1165 1038 1290 1093 diem,
1322 1053 1417 1081 cum

77 1099 122 1140 in
151 1097 261 1138 illud
293 1097 485 1142 divinum
518 1097 759 1139 animorum
792 1097 1019 1139 concilium
1045 1100 1298 1152 coetumque
1323 1112 1418 1153 pro·

77 1156 243 1199 ficiscar
275 1170 455 1210 cumque
488 1170 538 1197 ex
569 1155 650 1197 hac
680 1157 809 1198 turba
834 1159 876 1197 et
905 1155 1157 1198 conluvione
1184 1156 1416 1199 discedam!

77 1215 328 1257 Proficiscar
366 1215 478 1256 enim
509 1229 596 1256 non
627 1214 681 1256 ad
712 1229 785 1256 eos
824 1215 965 1256 solum
1002 1215 1135 1269 viros,
1174 1215 1225 1257 de
1264 1216 1417 1270 quibus

78 1277 176 1316 ante
208 1273 306 1328 dixi,
337 1288 486 1315 verum
518 1274 649 1315 etiam
679 1273 731 1315 ad
758 1273 967 1316 Catonem
994 1289 1148 1328 meum,
1180 1289 1263 1329 quo
1290 1289 1416 1316 nemo

24 1351 58 1376 πο
78 1334 142 1376 vir
167 1333 319 1375 melior
350 1335 478 1374 natus
505 1335 584 1387 est,
614 1347 740 1374 nemo
765 1333 927 1387 pietate
958 1333 1269 1388 praestantior3
1299 1333 1416 1376 cuius

78 1407 103 1435 a
134 1406 202 1434 me
240 1406 394 1447 corpus
433 1394 499 1433 est
536 1394 792 1446 crematum,
836 1391 948 1446 quod
979 1395 1130 1434 contra
1161 1392 1319 1447 decuit,
1364 1393 1417 1435 ab

76 1451 155 1493 illo
199 1465 359 1505 meum,
403 1450 569 1492 animus
613 1465 714 1493 vero
751 1465 838 1492 non
879 1465 946 1492 me
985 1451 1201 1505 deserens,
1246 1451 1320 1493 sed
1356 1466 1418 1493 re-

78 1512 277 1565 spectans
309 1510 354 1551 in
385 1523 436 1551 ea
465 1508 658 1564 profecto
690 1510 786 1552 loca
818 1509 1035 1564 discessit,
1074 1525 1158 1565 quo
1191 1510 1297 1551 mihi
1334 1510 1418 1565 ipsi

79 1568 282 1612 cernebat
320 1582 412 1610 esse
450 1568 716 1610 veniendum.
779 1567 912 1617 Quem
960 1583 1040 1625 ego
1084 1584 1227 1611 meum
1271 1584 1416 1611 casum

26 1645 58 1670 25
78 1627 251 1670 fortiter
281 1626 393 1669 ferre
418 1627 536 1668 visus
564 1642 669 1681 sum,
699 1642 786 1669 non
806 1642 888 1682 quo
917 1642 1052 1682 aequo
1080 1629 1222 1670 animo
1249 1628 1418 1682 ferrem,

80 1686 152 1729 sed
184 1701 253 1728 me
283 1686 376 1739 ipse
407 1686 664 1728 consolabar
705 1686 967 1728 existumans
1005 1701 1092 1729 non
1131 1687 1416 1742 longinquum

78 1746 191 1788 inter
239 1759 318 1786 nos
374 1744 614 1799 digressum
661 1748 704 1787 et
748 1745 980 1787 discessum
1023 1745 1127 1787 fore.
1187 1745 1268 1787 His
1312 1746 1419 1788 mihi
1469 1757 1485 1787 5

80 1805 219 1858 rebus,
250 1802 405 1859 Scipio,
437 1802 498 1858 (id
530 1804 643 1846 enim
674 1807 719 1846 te
747 1819 843 1846 cum
868 1804 1016 1846 Laelio
1049 1804 1253 1846 admirari
1279 1806 1417 1847 solere

81 1862 245 1919 dixisti)
276 1863 384 1904 levis
416 1865 482 1904 est
510 1866 719 1918 senectus,
743 1878 820 1905 nec
846 1864 986 1905 solum
1011 1878 1098 1905 non
1123 1864 1319 1918 molesta,
1346 1864 1415 1906 sed

81 1923 212 1964 etiam
243 1921 437 1964 iucunda.
488 1920 648 1970 Quodsi
685 1922 730 1963 in
766 1922 848 1964 hoc
886 1937 999 1976 erro,
1037 1922 1110 1977 qui
1141 1922 1307 1965 animos
1345 1923 1419 1965 ho—

81 1981 244 2023 minum
287 1981 538 2022 inmortales
588 1995 680 2022 esse
730 1981 917 2035 credam,
968 1981 1152 2023 libenter
1202 1996 1297 2023 erro
1341 1996 1417 2024 nec

80 2039 186 2082 mihi
217 2040 330 2082 hunc
355 2054 555 2094 errorem,
581 2055 665 2095 quo
692 2040 891 2094 delector,
918 2040 1018 2082 dum
1036 2040 1148 2095 vivo,
1174 2043 1418 2095 extorqueri

80 2099 199 2153 volo3
231 2098 297 2140 sin
329 2101 544 2153 mortuus,
574 2101 624 2140 ut
656 2099 829 2154 quidam
860 2099 1015 2141 minuti
1045 2099 1295 2155 philosophi
1327 2114 1418 2142 cen—

83 2160 189 2212 sent,
219 2157 328 2199 nihil
361 2158 556 2212 sentiam,
580 2172 666 2199 non
685 2172 846 2212 vereor,
865 2172 919 2199 ne
937 2158 1050 2200 hunc
1070 2173 1256 2200 errorem
1276 2173 1418 2201 meum

0 2207 13 2232 '⁵
47 2233 64 2258 5
83 2216 332 2272 philosophi
369 2217 529 2258 mortui
571 2216 790 2259 irrideant.
853 2216 1014 2265 Quodsi
1044 2232 1131 2259 non
1169 2232 1315 2259 sumus
1358 2218 1418 2259 in-

81 2275 287 2317 mortales
318 2273 470 2329 futuri,
507 2278 654 2317 tamen
691 2276 883 2331 extingui
915 2276 1079 2318 homini
1110 2291 1186 2318 suo
1225 2279 1418 2331 tempore

81 2334 276 2388 optabile
319 2336 396 2375 est.
457 2333 571 2376 Nam
602 2335 735 2376 habet
759 2338 915 2376 natura
938 2338 986 2376 ut
1018 2335 1200 2377 aliarum
1227 2335 1415 2377 omnium

153 2409 224 2435 cxc.
241 2409 295 2434 xv.
315 2409 338 2435 s.
1095 2410 1135 2438 11
