1673 2505
237 75 323 116 290
753 72 1053 108 FRAGMENTA

236 182 287 223 V.
327 182 421 224 Puo
453 181 498 222 P.
531 181 691 223 ASICIO
725 180 817 233 (pro
849 180 955 222 Cael.
985 184 1049 221 10.
1081 183 1170 231 24).

236 241 309 282 VI.
349 241 403 282 IN
436 252 616 283 SENATU
646 251 709 280 DE
743 249 1012 280 CONSULATU
1046 250 1130 281 SUO
1162 253 1200 280 u.
1231 253 1262 281 c.
1294 243 1376 281 693
1406 239 1483 294 (or.
1509 243 1574 283 62.

325 302 420 349 102,
452 300 536 340 Att.
568 299 599 339 Ι
624 301 689 339 14.
721 298 780 350 4).

237 358 332 400 VII.
375 358 471 399 PRO
504 357 693 410 BESTlA,
730 356 906 397 ambitus
937 369 1019 409 reo,
1050 369 1087 397 a.
1119 357 1156 397 d.
1181 356 1268 397 III
1294 357 1357 398 Id.
1389 357 1507 398 Febr.
1539 371 1576 398 a.

327 420 410 459 698
441 416 508 470 (0.
537 416 590 466 fr.
621 415 681 456 II
705 418 743 456 3.
776 418 813 464 6,
844 414 957 456 Phil.
989 414 1067 455 XI
1092 416 1127 456 5.
1159 416 1243 468 11).
1613 431 1630 456 5

237 476 353 518 VIII.
393 474 489 516 PRO
517 473 714 516 CAN1N10
742 472 902 514 GALLO
930 487 966 514 α.
994 476 1075 515 699
1107 472 1182 525 (ad
1208 475 1308 525 fam.
1342 474 1437 515 VII
1455 478 1492 515 1.
1517 474 1577 528 4).

237 535 308 576 IX.
353 533 448 575 PRO
482 533 538 574 M.
570 531 725 574 CISPIO
758 531 849 584 (pro
880 531 1023 573 Plano.
1054 535 1120 573 31.
1153 533 1236 585 75).

237 594 287 635 X.
325 592 422 634 PRO
449 591 626 633 CRAsso
653 592 698 632 in
725 594 867 632 senatu
897 605 934 632 a.
962 594 1044 632 700
1069 590 1145 644 (ad
1171 591 1271 642 fam.
1297 590 1329 631 I
1349 594 1386 632 9.
1412 593 1469 632 20
1488 591 1578 644 ex).

238 652 316 704 XI,
346 650 442 692 XII.
485 650 582 692 PRO
614 649 659 690 P.
692 649 996 700 DOLABELLA,
1035 650 1178 701 capitis
1208 663 1290 701 reo,
1331 663 1358 690 a
1391 652 1473 690 '704
1504 649 1580 703 (ad

324 712 424 762 fam.
457 709 544 750 III
569 712 633 749 10.
664 709 722 762 5).
1599 724 1631 749 10

238 769 355 811 XIII.
401 768 495 810 PRO
526 767 685 809 DRUso
717 781 754 808 α.
789 770 869 808 700
900 766 1007 818 (Aa.
1038 767 1114 808 IV
1138 769 1200 808 15.
1232 770 1290 820 9).

237 827 352 870 XIV.
397 826 589 868 CONTRA
616 825 850 867 GAssleM
878 825 1068 879 (Quintil.
1094 825 1172 866 XI
1190 829 1226 866 1.
1262 829 1325 872 73,
1357 825 1441 866 Dio
1467 824 1577 867 Cass.

328 886 538 928 XXXIX
568 888 637 926 62.
667 888 709 938 2,
743 885 855 925 Treb.
886 884 990 926 Poll.
1023 885 1113 937 triy.
1146 888 1221 938 tyr.
1252 887 1322 926 22.
1354 885 1437 938 11).

239 945 331 987 XV.
374 945 472 987 PRO
504 944 679 985 MESSIO
712 957 748 984 a.
784 947 865 985 700
896 944 1002 996 (Atei.
1033 943 1110 985 IV
1132 945 1194 984 15.
1227 948 1284 993 9).

239 1004 353 1047 XVI.
396 1004 492 1045 PRO
532 1002 578 1051 Q.
616 1002 790 1052 MUCIO,
825 1002 932 1054 furti
969 1015 1033 1043 reo
1070 1001 1166 1055 (fry.
1208 1003 1250 1043 ιή
1287 1005 1360 1054 toy.
1401 1002 1516 1043 caud.
1554 1004 1632 1043 615

323 1078 364 1116 p.
396 1065 495 1105 262.
527 1062 613 1113 30).

239 1121 376 1163 XVII.
420 1120 516 1162 PRO
551 1119 593 1162 O.
626 1119 809 1161 MUST10
842 1119 979 1173 (Verr.
1010 1119 1044 1160 I
1068 1121 1132 1161 53.
1164 1120 1277 1172 139).

240 1180 397 1222 XVIII.
448 1179 544 1222 PRO
585 1177 798 1221 SCIPIONE
842 1177 1035 1227 NAsch,
1079 1178 1254 1219 ambitus
1296 1191 1379 1231 reo,
1422 1191 1460 1219 a.
1498 1180 1579 1219 694

329 1240 434 1292 (Att.
466 1238 527 1279 II
551 1241 587 1279 1.
618 1238 676 1290 9).

241 1298 353 1340 XIX.
397 1297 492 1339 PRO
526 1295 570 1338 C.
603 1295 831 1338 ORCHIVIO
865 1295 930 1348 (Q.
963 1295 1043 1337 Cic.
1067 1299 1147 1348 pet.
1180 1308 1282 1336 cons.
1315 1297 1352 1337 5.
1384 1295 1468 1348 19).
1600 1309 1635 1334 20

243 1357 331 1399 XX.
375 1356 445 1397 DE
478 1366 615 1408 PACE,
649 1353 745 1408 περὶ
778 1351 1018 1408 ἀμνηστίας
1048 1355 1094 1394 ‘m
1124 1358 1266 1395 senatu
1296 1353 1435 1395 habita
1467 1355 1580 1395 tertio

323 1419 418 1469 post
448 1414 637 1457 Caesaris
667 1414 822 1455 caedem
847 1414 910 1454 (lie
934 1412 1037 1465 (Dio
1063 1412 1173 1454 Cass.
1199 1412 1358 1454 XLIV
1376 1413 1581 1467 22—33).

244 1475 355 1516 XXI.
397 1473 495 1515 PRO
529 1471 573 1514 C.
606 1472 778 1514 PISONE
812 1472 903 1525 (pro
934 1472 1085 1513 Flacco
1116 1475 1182 1513 39.
1214 1472 1302 1525 98).

242 1533 375 1575 XXII.
426 1532 521 1574 PRO
558 1531 784 1573 POPILLIO
822 1531 1044 1571 LAENATE
1083 1530 1198 1583 (Val.
1232 1531 1351 1572 Max.
1391 1530 1431 1572 V
1455 1534 1491 1572 3.
1523 1531 1581 1585 4).

243 1591 400 1634 XXIII.
433 1590 533 1633 CUM
559 1601 846 1632 PROVINCIAM
874 1602 921 1630 1N
955 1600 1189 1631 CONTIONE
1218 1601 1445 1632 DEPOSUIT
1477 1589 1581 1643 (Att.
1602 1602 1636 1629 25

243 1709 398 1752 XXIV.
436 1708 505 1750 DE
533 1707 843 1750 REA‘rlNORUM
871 1718 1014 1749 CAUSA
1045 1710 1185 1748 eontra
1215 1707 1515 1749 Interamnates
1545 1721 1582 1749 α.

337 1773 416 1810 700
448 1767 551 1821 (Aa.
583 1767 660 1808 IV
683 1768 745 1808 15.
778 1767 835 1820 5).

243 1827 376 1881 XXV,
390 1826 545 1868 XXVI.
571 1824 667 1867 PRO
681 1825 737 1866 M.
753 1823 948 1866 SAUFEIO
967 1826 1045 1876 lesse
1059 1824 1254 1877 Pompeia
1267 1828 1304 1866 et
1323 1825 1401 1878 leye
1414 1824 1586 1866 Plautia

338 1888 385 1927 de
414 1887 455 1927 vi
486 1885 654 1938 (Aseon.
684 1885 780 1925 Mz'c.
804 1898 846 1936 p.
879 1887 946 1925 48.
978 1887 1032 1925 17
1051 1897 1130 1936 sqq.
1163 1884 1218 1926 K.
1250 1887 1287 1924 et
1316 1883 1436 1938 Sela).
1605 1895 1645 1922 30*

244 1944 421 1986 XXVII.
463 1943 560 1985 PRO
593 1941 878 1984 SCAMANDRO
910 1942 1089 1995 (Cluent.
1121 1946 1186 1984 17.
1219 1946 1274 1984 49
1287 1943 1400 1995 sqq).

245 2002 445 2056 XXVIII,
477 2002 630 2043 XXIX.
674 2001 770 2044 PRO
803 2001 1002 2043 THERMO
1036 2017 1070 2043 a.
1103 2003 1183 2043 695
1214 2000 1372 2054 (Flacc.
1404 2005 1469 2043 39.
1501 2005 1585 2053 98).

245 2062 376 2104 XXX.
422 2062 518 2103 PRO
552 2061 737 2101 TITINIA
769 2060 913 2111 (Brut.
947 2064 1009 2102 60.
1040 2060 1157 2114 217).

243 2120 399 2164 XXXI.
434 2120 676 2161 LAUDATIO
703 2130 928 2161 FUNEBRIS
954 2119 1033 2159 filii
1060 2117 1231 2160 Serrani
1256 2118 1494 2160 Domestiei
1519 2118 1585 2172 (Q.

331 2180 387 2234 fr.
418 2179 505 2220 III
532 2183 570 2221 8.
601 2179 657 2232 5).
1606 2187 1639 2215 55
