1663 2490
129 2218 184 2259 20

205 72 261 112 80
726 73 789 108 DE
816 72 1013 109 OFFICIIS

204 179 309 220 tatis
342 180 519 235 gradus,
551 181 611 222 sic
642 181 768 222 huius
801 181 1002 223 scientiae
1035 181 1236 236 splendor
1268 181 1432 223 deletus
1464 185 1542 235 est,

203 237 330 292 idque
351 253 399 280 eo
426 239 655 295 indignius,
682 240 794 294 quod
820 254 869 281 eo
895 243 1088 295 tempore
1113 240 1194 281 hoc
1219 240 1414 294 contigit,
1444 254 1540 281 cum

203 297 240 337 is
267 300 391 351 esset,
418 298 489 351 qui
516 312 662 340 omnes
683 298 937 352 superiores,
964 299 1116 352 quibus
1138 299 1298 340 honore
1318 313 1396 353 par
1417 302 1541 353 esset,

204 355 382 397 scientia
413 356 538 398 facile
569 357 753 398 vicisset.
802 357 920 398 Haec
950 357 1086 412 igitur
1118 372 1247 411 opera
1279 360 1405 412 grata
1435 358 1541 398 mul-

204 414 260 455 tis
299 417 342 456 et
379 415 432 456 ad
470 415 685 456 beneficiis
717 416 1048 469 obstringendos
1079 416 1274 457 homines
1307 430 1540 457 accommo-
1577 429 1594 454 ⁵

205 473 317 514 data.
379 473 521 527 Atque
559 474 657 515 huic
696 474 778 515 arti
810 474 1006 516 finituma
1038 477 1104 516 est
1136 475 1298 516 dicendi
1332 474 1540 530 [gravior]

204 532 387 573 facultas
421 535 463 573 et
496 532 661 587 gratior
693 536 735 573 et
768 533 969 574 ornatior.
1020 532 1128 581 Quid
1155 533 1267 574 enim
1296 533 1541 588 eloquentia

203 591 508 645 praestabilius
546 592 614 632 vel
653 591 934 633 admiratione
973 592 1235 633 audientium
1273 592 1341 633 vel
1376 606 1450 647 spe
1482 592 1541 632 in-

204 649 441 704 digentium
474 650 541 691 vel
574 665 732 700 eorum,
765 651 836 704 qui
869 650 1031 692 defensi
1063 653 1175 704 sunt,
1208 650 1379 705 gratia?
1429 650 1540 692 Huic

205 709 408 762 [quoque]
430 723 531 764 ergo
553 724 578 749 a
597 709 831 750 maioribus
851 709 1012 750 nostris
1034 713 1099 750 est
1118 709 1161 750 in
1187 712 1292 764 toga
1316 709 1539 764 dignitatis
1561 723 1592 747 10

203 767 469 821 principatus
514 767 651 809 datus,
717 767 880 809 Diserti
923 768 1057 824 igitur
1100 768 1287 809 hominis
1331 772 1373 808 et
1414 767 1541 809 facile

203 825 455 880 laborantis,
487 827 682 881 quodque
713 827 758 868 in
788 827 942 882 patriis
975 830 1040 868 est
1071 827 1274 880 moribus,
1307 827 1537 868 multorum

204 899 353 926 causas
392 888 436 926 et
473 900 557 927 non
596 888 773 941 gravate
811 888 854 927 et
892 886 1082 941 gratuito
1122 885 1386 926 defendentis
1418 886 1540 927 bene-

202 943 298 985 ficia
330 946 372 985 et
403 944 642 999 patrocinia
668 946 755 986 late
780 947 941 999 patent.
991 945 1264 986 Admonebat
1289 959 1357 985 me
1382 959 1462 998 res,
1493 947 1541 985 ut

201 1002 283 1044 hoc
309 1017 477 1057 quoque
502 1004 596 1045 loco
623 1004 985 1045 intermissionem
1012 1003 1292 1058 eloquentiae,
1323 1018 1376 1044 ne
1403 1003 1540 1045 dicam
1561 1017 1593 1041 15

201 1061 437 1116 interitum,
469 1062 754 1118 deplorarem,
788 1063 831 1103 ni
863 1077 1043 1117 vererer,
1074 1077 1126 1103 ne
1159 1062 1208 1103 de
1241 1077 1307 1103 me
1339 1062 1433 1116 ipso
1467 1062 1540 1103 ali-

203 1120 301 1174 quid
335 1120 500 1162 viderer
538 1122 668 1175 queri.
731 1120 811 1163 Sed
849 1124 992 1163 tamen
1032 1121 1243 1173 videmus,
1282 1121 1435 1175 quibus
1474 1135 1540 1162 ex-

202 1179 372 1221 stinctis
411 1181 654 1221 oratoribus
693 1196 821 1234 quam
858 1181 903 1221 in
941 1180 1086 1235 paucis
1131 1194 1246 1234 spes,
1291 1183 1451 1234 quanto
1495 1179 1540 1220 in

201 1239 474 1293 paucioribus
499 1239 697 1292 facultas,
724 1254 850 1293 quam
876 1240 921 1279 in
948 1239 1096 1280 multis
1124 1239 1181 1280 sit
1207 1239 1393 1280 audacia.
1432 1237 1539 1279 Cum

202 1300 344 1338 autem
371 1312 517 1339 omnes
543 1312 629 1339 non
660 1298 840 1352 possint,
870 1312 923 1339 ne
956 1298 1081 1339 multi
1114 1298 1297 1352 quidem,
1330 1300 1403 1339 aut
1433 1297 1538 1338 iuris
1558 1309 1593 1335 20

200 1356 329 1411 periti
373 1371 464 1397 esse
509 1359 584 1398 aut
628 1357 792 1410 diserti,
836 1357 937 1398 licet
979 1360 1123 1398 tamen
1168 1371 1298 1411 opera
1338 1356 1539 1411 prodesse

200 1415 348 1456 multis
386 1416 591 1457 beneficia
626 1418 862 1470 petentem,
906 1415 1275 1457 commendantem
1317 1415 1539 1466 iudicibus,

201 1474 552 1530 magistratibus,
589 1474 843 1530 vigilantem
875 1490 953 1529 pro
985 1489 1030 1515 re
1068 1474 1262 1527 alterius,
1301 1488 1372 1515 eos
1409 1474 1539 1528 ipsos,

201 1534 273 1587 qui
311 1535 385 1574 aut
422 1533 703 1575 consuluntur
741 1537 815 1574 aut
854 1533 1101 1587 defendunt,
1139 1535 1382 1588 rogantem3
1427 1533 1539 1587 quod

201 1592 273 1647 qui
297 1592 473 1643 faciunt,
503 1592 737 1647 plurimum
764 1593 929 1647 gratiae
955 1595 1283 1646 consequuntur,
1312 1592 1537 1632 latissime·
1558 1603 1591 1628 25

201 1666 281 1705 que
314 1666 460 1692 eorum
491 1654 640 1692 manat
670 1651 893 1692 industria.
953 1650 1046 1693 Iam
1077 1651 1183 1692 illud
1219 1665 1305 1692 non
1338 1653 1437 1691 sunt
1469 1650 1537 1691 ad-

201 1710 399 1751 monendi
437 1711 522 1764 (est
562 1710 675 1751 enim
718 1710 762 1751 in
805 1710 1046 1765 promptu),
1089 1712 1137 1751 ut
1181 1709 1538 1763 animadvertant,

200 1784 295 1810 cum
334 1769 480 1810 iuvare
519 1769 627 1810 alios
665 1769 818 1823 velint,
861 1784 913 1810 ne
959 1783 1065 1823 quos
1110 1769 1340 1810 offendant.
1403 1767 1537 1822 Saepe

200 1828 311 1868 enim
345 1830 420 1869 aut
451 1842 522 1869 eos
552 1828 739 1881 laedunt,
772 1843 877 1882 quos
903 1843 989 1870 non
1015 1828 1182 1879 debent,
1214 1830 1288 1868 aut
1314 1842 1399 1881 eos,
1431 1841 1536 1881 quos

198 1901 285 1927 non
311 1886 499 1941 expedit3
532 1887 567 1928 si
594 1887 881 1942 inprudentes,
913 1887 1212 1942 neglegentiae
1239 1889 1315 1940 est,
1342 1886 1378 1927 si
1404 1887 1536 1927 scien·
1556 1896 1590 1922 ³0
1639 1879 1659 1923 ¹·

198 1948 284 1995 tes,
323 1946 593 1987 temeritatis.
655 1945 871 1987 Utendum
905 1946 1035 1986 etiam
1067 1948 1133 1987 est
1164 1945 1435 1986 excusatione
1467 1945 1537 1986 ad-

199 2018 345 2045 versus
379 2019 469 2059 eos,
507 2019 614 2059 quos
646 2005 806 2045 invitus
845 2005 1050 2058 offenda&
1090 2018 1353 2058 quacumque
1384 2004 1538 2059 possis,

198 2077 329 2116 quare
362 2063 416 2117 id,
449 2064 561 2118 quod
593 2063 756 2117 feceris,
788 2078 959 2105 necesse
986 2063 1118 2104 fuerit
1144 2077 1220 2104 nec
1247 2063 1373 2104 aliter
1398 2062 1537 2104 facere

197 2121 408 2176 potueris,
453 2123 689 2177 ceterisque
734 2123 874 2177 operis
921 2125 963 2163 et
1008 2121 1158 2163 officiis
1202 2122 1282 2162 erit
1319 2121 1380 2176 id,
1425 2121 1537 2176 quod

198 2180 408 2221 violatum
441 2181 673 2235 videbitur,
706 2181 1079 2235 compensandum.
1555 2189 1608 2217 3⁵»
1640 2216 1644 2222 Β

287 2237 369 2280 Sed
401 2254 495 2280 cum
521 2240 565 2280 in
591 2240 838 2281 hominibus
864 2239 1059 2281 iuvandis
1087 2241 1161 2280 aut
1186 2254 1326 2280 mores
1354 2239 1538 2294 spectari

198 2300 272 2339 aut
304 2298 476 2339 fortuna
509 2299 664 2354 soleat,
704 2299 818 2340 dictu
852 2299 1022 2352 quidem
1055 2301 1120 2339 est
1151 2299 1358 2353 proclive,
1390 2299 1536 2353 itaque
