1673 2505
229 90 313 129 334
743 87 1043 123 FRAGMENTA

228 195 478 248 crantorem,
509 198 624 237 ouius
647 196 830 237 volumen
855 196 912 237 acl
933 196 1220 247 confovendum
1244 196 1419 238 dolorem
1447 209 1567 237 suunt

227 258 383 296 secutus
413 258 471 296 est
500 254 647 296 Cicero.

317 313 354 354 8.
380 312 567 353 Laetant.
593 313 685 353 inst.
717 313 795 353 cliv.
821 311 909 352 III
928 315 994 353 18.
1019 315 1075 353 18
1101 312 1210 363 Quid
1233 311 1417 354 Ciceroni
1445 312 1567 363 facie—

227 371 346 412 mus?
388 372 459 423 qui
494 384 585 411 eum
620 371 666 411 in
699 371 905 422 principio
937 369 1232 411 Consolationis
1268 384 1365 412 suae
1401 371 1569 412 dixisset
1638 415 1639 429 χ

230 430 468 470 luendorum
511 429 704 470 scelerum
751 441 875 469 eausa
915 429 1031 469 nasei
1077 428 1274 481 homines,
1321 430 1485 470 iteravit
1525 429 1570 469 icl
1604 439 1622 466 5
1638 438 1671 472 ζ

229 489 361 539 ipsum
390 490 531 539 postea
567 488 688 539 quasi
724 487 942 539 obiuryans
978 500 1086 539 eum,
1129 488 1200 539 qui
1235 488 1362 528 vitani
1390 500 1569 539 poenam
1639 500 1641 506 ⁴

228 559 310 586 non
340 558 421 587 esse
443 548 569 597 putet.
618 544 737 586 Recte
767 558 856 598 erqo
880 545 1098 597 praefatus
1127 549 1186 586 est
1213 558 1346 586 errore
1376 558 1424 586 ao
1454 546 1569 586 mise-

228 603 351 643 rabili
375 605 555 644 veritatis
580 604 815 656 iynorantia
839 616 880 644 se
905 604 1040 644 teneri.
1067 627 1120 632 -
1147 603 1212 644 Ia.
1237 603 1288 644 ib.
1314 603 1402 644 III
1421 606 1486 644 14.
1512 605 1569 644 20

229 662 344 702 Iclenz
369 663 413 702 in
440 661 731 715 Consolatione,
763 663 807 702 icl
832 665 889 703 est
918 662 964 702 in
994 675 1108 714 opere
1136 675 1220 702 non·
1249 662 1433 714 ioculari,
1464 661 1569 702 hane
1640 693 1642 718 ζ

228 721 275 760 cle
303 719 561 772 philosophia
597 721 836 761 sententiam
874 720 1025 761 tulisti:
1070 717 1151 760 Sed
1191 720 1334 761 nescio
1380 719 1453 773 qui
1489 733 1568 760 nos
1589 732 1620 757 10
1640 719 1642 764 ἶ
1661 718 1670 743 ¹⁰

231 780 377 819 teneat
410 793 528 819 error
560 793 608 820 ac
639 778 897 819 miserabilis
929 778 1145 833 ignoratio
1178 778 1278 819 veri.
1641 779 1643 794 ²

318 837 356 877 9.
387 837 452 878 Iol.
482 837 534 878 ib.
565 837 653 877 III
673 840 737 878 19.
762 840 816 878 13
846 837 961 877 Hine
991 840 1092 877 nata
1122 840 1179 877 est
1208 838 1346 889 inepta
1375 837 1451 877 illa
1481 849 1568 877 sen-

230 896 365 948 tentia,
397 895 502 937 liano
526 908 607 937 esse
631 899 810 948 mortem,
835 908 959 947 quarn
982 909 1056 936 nos
1079 895 1207 936 vitani
1224 899 1426 948 putemus,
1452 895 1570 936 illam

229 955 366 1007 vitani,
391 967 515 1006 quam
539 967 613 995 nos
628 967 704 1006 pro
723 957 849 994 morte
874 955 1107 1002 timeantus;
1133 954 1194 994 ita
1210 955 1397 1006 primum
1423 953 1570 994 bonum

228 1071 283 1111 sit
317 1072 589 1123 auctoritatis,
633 1070 771 1112 Sileno
813 1071 1063 1111 attribuitur.
1125 1070 1260 1111 Cicero
1296 1071 1343 1111 in
1380 1069 1569 1112 Consola-

229 1129 355 1169 tione:
393 1127 494 1170 Non
524 1128 661 1182 nasci,
697 1130 848 1181 inquit,
885 1129 1014 1183 longe
1052 1128 1263 1182 optimum
1302 1143 1377 1169 nec
1414 1128 1459 1169 in
1490 1128 1569 1169 hos

230 1187 428 1241 scopulos
458 1187 642 1228 incidere
667 1187 793 1240 vitae,
826 1187 1067 1241 proximum
1095 1189 1249 1238 autem,
1283 1187 1319 1227 si
1344 1189 1471 1227 natus
1499 1186 1569 1238 sis,

230 1259 357 1298 quam
395 1246 583 1299 primum
614 1248 836 1299 tamquam
869 1259 919 1286 ex
950 1245 1144 1286 incendio
1175 1246 1324 1300 fugere
1357 1245 1569 1286 fortunae.

228 1363 375 1403 adiecit
409 1363 569 1414 aliquid
603 1363 650 1403 de
684 1375 773 1412 suo,
809 1366 856 1402 ut
892 1366 1063 1402 ornaret.
1098 1386 1149 1390 —
1184 1361 1246 1413 Cf.
1288 1362 1402 1402 Tuse.
1439 1361 1472 1402 Ι
1504 1365 1570 1403 18.

230 1424 322 1473 114,
352 1420 464 1461 Plut.
496 1421 639 1462 consol.
671 1421 727 1462 aol
756 1420 944 1473 Apollon.
976 1434 1006 1462 e.
1038 1423 1097 1462 27
1120 1434 1163 1473 p.
1195 1421 1275 1461 115
1308 1420 1443 1472 Bsqq.

322 1480 386 1520 10.
407 1478 486 1521 Cio.
504 1479 619 1520 Tuse.
633 1479 665 1519 Ι
672 1482 740 1521 26.
756 1481 808 1519 65
815 1492 870 1531 sq.
885 1478 962 1519 Sin
981 1483 1115 1519 autem
1135 1483 1192 1520 est
1209 1479 1353 1530 quinta
1371 1479 1569 1531 quaedam

228 1541 382 1578 natura
417 1538 468 1578 ab
505 1538 721 1579 Aristotele
760 1538 927 1578 inducta
955 1538 1159 1590 primuni,
1202 1537 1297 1578 liaeo
1333 1540 1370 1577 et
1405 1538 1569 1578 deorum

228 1600 285 1638 est
313 1600 350 1637 et
379 1597 625 1637 animorum.
686 1596 812 1636 Hane
841 1609 916 1637 nos
945 1597 1184 1637 sententiani
1220 1596 1344 1637 secuti
1374 1595 1438 1637 liis
1467 1596 1569 1648 ipsis
1588 1606 1620 1633 25
1659 1610 1663 1619 Δ

227 1654 356 1696 verbis
385 1656 430 1695 in
457 1654 738 1696 Consolatione
764 1655 1053 1706 expressimus:
1086 1654 1343 1695 Animorum
1374 1653 1493 1695 nulla
1524 1654 1569 1694 in

228 1713 354 1754 terris
388 1713 510 1768 origo
542 1712 726 1753 inveniri
755 1715 918 1767 potest3
955 1713 1063 1753 nihil
1097 1713 1208 1753 enim
1242 1715 1306 1753 est
1337 1713 1383 1753 in
1414 1712 1567 1753 animis

228 1771 411 1812 mixtum
452 1774 580 1825 atque
617 1773 880 1824 concretum,
919 1773 993 1811 aut
1032 1771 1144 1825 quod
1183 1785 1233 1811 ex
1269 1774 1386 1812 terra
1417 1773 1568 1812 natum

229 1833 358 1884 atque
388 1830 536 1871 fictum
570 1844 662 1870 esse
694 1829 899 1882 videatur,
931 1828 1039 1870 nihil
1070 1844 1123 1870 ne
1157 1832 1230 1870 aut
1262 1830 1454 1870 umidum
1481 1829 1568 1883 qui-

228 1889 324 1929 dem
368 1891 442 1929 aut
485 1888 630 1929 flabile
675 1890 749 1929 aut
792 1888 978 1943 igneum.
1039 1887 1119 1928 His
1165 1888 1279 1929 enim
1315 1888 1361 1929 in
1402 1888 1569 1928 naturis
1588 1899 1621 1925 30
1662 1888 1670 1912 ’ἢ

227 1947 336 1988 nihil
367 1947 497 2000 inest,
530 1946 644 2001 quod
674 1946 762 1988 vim
795 1947 1043 2000 memoriae,
1081 1947 1254 1999 mentis,
1293 1946 1568 2002 cogitationis

228 2005 397 2058 habeat,
434 2005 547 2059 quod
579 2008 622 2046 et
653 2005 888 2059 praeterita
918 2007 1064 2046 teneat
1097 2008 1139 2046 et
1168 2004 1316 2046 futura
1347 2005 1570 2059 provideat

227 2066 270 2104 et
302 2064 530 2118 complecti
560 2064 700 2118 possit
731 2063 987 2118 praesentia,
1019 2078 1127 2118 quae
1154 2064 1246 2104 sola
1278 2063 1421 2104 divina
1453 2065 1570 2116 sunt3

226 2136 304 2163 neo
328 2122 569 2163 invenietur
595 2137 810 2176 umquam,
842 2123 952 2162 unde
979 2122 1032 2163 ad
1056 2122 1274 2162 hominem
1300 2122 1444 2163 venire
1475 2135 1570 2176 pos-
1658 2155 1659 2159 ,

227 2180 314 2220 sint
344 2181 429 2221 nisi
462 2195 486 2221 a
519 2181 607 2222 deo.
659 2179 899 2236 Singulaiis
927 2183 993 2221 est
1017 2180 1152 2235 igitui
1179 2181 1386 2233 quaedam
1415 2182 1620 2221 natm-aas.
1657 2171 1670 2213 ll

227 2241 355 2292 atque
387 2239 453 2280 vis
486 2240 618 2280 animi
650 2239 842 2281 seiuncta
874 2239 926 2279 ab
959 2238 1026 2279 his
1064 2239 1237 2279 usitatis
1267 2238 1467 2292 notisque
1498 2253 1569 2279 na-

225 2297 346 2339 turis.
396 2297 476 2351 lta,
510 2298 711 2352 quicquid
743 2299 809 2339 est
837 2297 957 2351 illud,
990 2297 1101 2350 quod
1129 2297 1272 2351 sentit,
1306 2297 1419 2350 qnod
1446 2297 1570 2351 sapit,
