1673 2505
232 70 318 112 294
754 68 1052 104 FRAGMENTA

572 186 634 221 AD
663 186 867 221 EUNDEM
893 185 1038 221 EPIST.
1064 185 1141 220 LIB
1179 187 1213 221 II

320 261 356 303 7.
389 261 497 302 Non.
523 274 566 312 p.
597 262 664 301 32.
696 262 748 300 16
781 258 1067 301 ‘Monumenu‘’
1097 261 1387 313 proprietatem
1423 274 1450 302 a
1486 275 1567 304 mo-

229 321 359 361 nendo
403 319 464 361 M.
511 318 672 359 Tullius
713 318 1016 370 exprimendam
1052 320 1217 371 putavit
1257 320 1313 361 acl
1355 318 1567 362 Caesarem

229 379 401 432 epistula
440 377 505 419 lib.
538 376 597 417 II
601 390 613 416 .·
652 373 733 417 Sed
766 390 863 432 ego,
902 390 1008 430 quae
1046 378 1311 419 monumenti
1350 378 1461 420 ratio
1500 378 1568 433 sit,

230 437 400 479 nomine
432 435 526 490 ipso
560 434 809 476 admoneor:
843 435 895 476 ad
928 435 1179 476 memoriam
1211 436 1348 490 magis
1375 439 1567 491 spectare
1604 449 1621 474 5
1656 483 1657 486 Ἴ

231 496 356 537 debet
377 493 644 549 posteritatis
663 507 790 548 quam
812 494 865 534 ad
885 494 1122 548 praesentis
1143 495 1348 549 temporis
1371 496 1568 549 gratiam.

319 555 356 596 8.
378 553 485 595 Non.
506 567 547 606 p.
566 556 661 594 340.
681 555 732 594 15
753 552 966 594 ³Locancli'
991 553 1234 607 siynifieatio
1259 554 1477 606 manifesta
1501 558 1568 604 est,

230 617 275 654 ut
304 615 378 654 aut
407 613 538 665 operis
570 611 729 653 locandi
760 615 833 652 aut
860 612 995 663 fundi.
1043 612 1105 653 M.
1129 612 1290 654 Tullius
1320 613 1489 665 epistula
1515 614 1572 655 ad

230 672 442 714 Caesarem
474 671 538 712 lib.
571 670 647 711 II:
678 670 745 711 vel
780 670 891 724 quod
924 670 1080 711 locatio
1113 670 1207 725 ipsa
1239 671 1439 725 pretiosa.

565 773 628 807 AD
656 773 860 808 EUNDEM
888 773 1031 808 EPIST.
1058 773 1146 808 LIB.
1174 775 1233 808 111.
1589 784 1623 808 10

320 847 359 889 9.
385 848 492 889 Non.
514 861 554 899 p.
579 849 676 888 286.
703 849 758 888 12
783 847 845 888 M.
871 847 1032 888 Tullius
1055 847 1112 888 acl
1135 845 1348 889 Caesarem
1374 848 1439 889 lib.
1465 848 1569 890 III:

230 907 260 961 ἦ·
293 921 399 961 quae
433 906 466 947 si
500 905 664 946 videres
692 919 779 946 non
805 905 854 946 de
882 905 1068 946 exercitu
1094 906 1315 948 retinendo
1341 906 1464 961 tueri,
1496 907 1570 948 sed

232 981 281 1008 eo
314 966 473 1007 tradito
507 966 580 1006 aut
613 964 800 1006 dimisso.

323 1025 386 1066 10.
413 1024 520 1066 Non.
546 1037 590 1077 p.
619 1026 713 1064 436.
737 1025 794 1065 25
820 1023 882 1065 M.
911 1023 1072 1065 Tullius
1102 1047 1151 1052 —-
1185 1025 1242 1065 ad
1266 1023 1478 1066 Caesarem
1504 1025 1569 1066 lib.

231 1084 334 1125 III:
367 1082 508 1124 Amici
537 1096 624 1123 non
655 1081 764 1123 nulli
794 1096 820 1123 a
853 1085 894 1123 te
921 1082 1136 1123 contemni
1163 1097 1210 1124 ac
1238 1082 1395 1137 despici
1423 1085 1465 1124 et
1490 1097 1568 1138 pro
1591 1093 1622 1119 15

231 1143 368 1183 nihilo
402 1141 550 1183 haberi
585 1143 780 1182 senatum
813 1141 975 1182 volunt.

497 1244 560 1279 AD
587 1243 791 1279 EUNDEM
817 1243 881 1278 EX
907 1243 1050 1279 LIBRO
1078 1243 1296 1279 INCERTO.

323 1320 387 1360 11.
431 1318 594 1359 Nonius
630 1331 673 1370 p.
710 1319 808 1358 270.
844 1319 901 1358 20
937 1318 1000 1359 M.
1041 1317 1202 1358 Tullius
1243 1318 1298 1359 acl
1335 1316 1569 1359 Caesarem:

231 1375 433 1419 Extrema
467 1390 567 1417 vero
598 1390 675 1417 nec
709 1378 869 1429 quanta
899 1390 976 1417 nec
1003 1375 1147 1430 qualia
1175 1375 1272 1429 sint,
1305 1376 1446 1417 verbis
1473 1391 1568 1418 con-

232 1436 353 1491 sequi
384 1450 571 1490 possum.
1589 1447 1623 1472 20
1652 1455 1655 1486 -;

324 1496 386 1536 12.
431 1495 539 1536 Non.
575 1507 619 1547 p.
661 1497 754 1535 336.
792 1495 853 1535 22
895 1494 957 1535 M.
1004 1493 1165 1535 Tullius
1207 1494 1473 1547 epistularmn
1517 1495 1572 1536 ad
1654 1495 1655 1503 ¹

231 1554 464 1596 Caesarem:
497 1552 588 1594 Iam
615 1551 941 1607 amplitudinem
970 1552 1238 1608 gloriamque
1265 1556 1383 1594 tuam
1411 1567 1568 1608 magno

231 1613 336 1654 mihi
353 1615 603 1654 ornamento
620 1625 712 1652 esse
727 1613 768 1652 et
783 1611 873 1652 fore
890 1611 1099 1665 existimo,
1121 1612 1232 1666 quod
1249 1626 1314 1653 me
1330 1612 1444 1653 levat
1459 1627 1569 1653 cura.

415 1827 483 1864 IV.
528 1826 899 1865 FRAGMENTUM
932 1825 1095 1864 EPIST.
1129 1825 1382 1864 CAESARIS

686 1897 758 1934 AD
793 1895 1110 1934 CICERONEM.
1588 1903 1621 1929 25

319 1989 536 2031 Charisius
573 1988 604 2029 Ι
629 2002 672 2041 p.
709 1991 804 2029 126,
842 1992 867 2030 9
905 1988 960 2029 Κ.
1006 1987 1171 2029 Verrius
1207 1986 1398 2040 Flaccus,
1439 1988 1573 2041 inquit

231 2048 415 2099 Plinius,
448 2061 585 2089 eorum
615 2048 843 2099 nominum,
874 2060 976 2099 quae
1007 2063 1055 2088 NS
1083 2047 1286 2099 finiuntur
1317 2060 1411 2088 casu
1443 2047 1571 2088 nomi·

230 2108 385 2157 nativo,
428 2107 630 2148 ablativus
673 2107 718 2147 in
757 2123 783 2148 E
823 2106 1057 2159 cliriyenclus
1100 2108 1165 2147 est.
1233 2105 1380 2158 Itaque
1422 2104 1602 2147 Caesar,

231 2166 496 2218 epistularum
530 2166 585 2207 acl
616 2164 865 2207 Ciceronem:
899 2178 1048 2218 neque,
1079 2164 1224 2217 inquit,
1255 2178 1332 2218 pro
1366 2167 1490 2206 cauto
1524 2178 1572 2206 ac

233 2224 438 2280 diligente
472 2238 515 2265 se
548 2223 700 2266 castris
734 2222 956 2265 continuit.
1590 2231 1623 2257 ³⁰
