1673 2505
550 107 650 143 CAP.
678 111 804 142 9-12.
854 110 874 149 ἓ
899 110 1049 142 23—29.
1353 108 1440 148 433

100 218 257 260 iectum
278 216 550 271 sublevastis,
569 230 682 258 nunc
694 214 881 256 universi
896 215 1193 255 conservatum
1208 213 1363 254 velitis.
1396 212 1440 254 Si

101 276 314 320 neminem
345 290 550 330 umquam
582 276 772 316 vestrum
805 272 927 326 laesi,
966 272 1002 313 si
1032 272 1193 312 nemini
1224 272 1441 313 innocenti

102 334 231 388 obfui,
258 334 332 375 sed
352 334 482 376 etiam
509 350 530 375 e
556 332 783 386 contrario,
808 334 857 372 ut
878 330 1056 385 quisque
1076 345 1216 371 meum
1235 330 1441 371 auxilium

41 401 47 408 ·
102 392 369 446 desideravit,
396 407 520 447 opem
546 391 656 433 ferre
681 405 767 432 non
794 389 999 441 dubitavi,
1031 389 1066 429 si
1093 389 1284 442 denique,
1317 403 1441 442 quae-

65 464 82 489 5
102 466 280 505 cumque
306 450 616 503 administravi,
648 464 698 490 ex
729 451 874 490 vestra
906 448 1163 489 auctoritate
1196 449 1239 488 et
1266 450 1440 502 patrum

101 511 441 564 conscriptorum
461 509 684 551 voluntate
703 507 796 560 feci,
823 507 860 548 si
879 506 1011 547 malui
1036 506 1308 547 inimicorum
1329 506 1441 560 cupi-

102 568 228 610 ditati
254 583 382 622 quam
407 568 470 609 rei
493 567 688 622 publicae
709 569 751 607 et
771 565 992 622 legitimae
1012 565 1261 606 auctoritati
1280 578 1440 619 poenas

102 627 289 680 sufferre,
315 626 379 667 uti
405 626 658 667 existimetis
680 640 729 666 ex
748 625 825 666 illo
852 623 1145 666 crudelissimo
1171 623 1441 665 inimicorum

100 686 265 740 impetu
291 687 484 739 ereptum
511 685 555 725 in
581 684 805 738 antiquum
832 685 993 724 statum
1020 682 1244 737 dignitatis
1271 681 1440 723 restitui

49 757 81 781 10
101 743 338 786 convenire.
401 742 483 784 Sed
522 743 724 797 quoniam
761 756 897 796 neque
936 741 1042 782 mihi
1074 741 1207 782 libere
1239 740 1442 794 loquendi

99 816 237 856 neque
250 802 373 843 vobis
394 802 625 843 clementer
644 801 857 842 iudicandi
876 814 1013 854 neque
1034 799 1207 841 omnino
1227 799 1442 841 iudicandi

100 874 333 916 paucorum
370 860 514 902 furore
553 863 596 902 et
634 860 809 901 audacia
846 859 962 900 facta
994 861 1069 900 est
1112 860 1324 913 potestas,
1368 858 1442 899 sed

103 933 310 973 oppressa
342 922 407 960 est
438 933 505 960 res
539 919 711 973 publica
749 918 898 971 armis,
940 920 1057 958 metu
1095 917 1321 958 debilitata
1358 931 1442 958 ser-

101 978 189 1031 vili,
215 978 281 1018 uti
306 978 491 1019 liberum
518 978 718 1033 spiritum
746 976 924 1018 ducendi
949 976 1114 1017 nullam
1140 976 1299 1017 habeat
1324 978 1442 1030 pote-

49 1047 81 1074 15
102 1038 278 1091 statem,
310 1036 457 1078 cedam
487 1036 674 1077 inermus
708 1035 904 1089 armatis,
941 1035 1143 1076 innocens
1175 1034 1441 1087 nocentibus,

101 1095 295 1149 privatus
326 1095 555 1136 furibundo
594 1095 881 1149 magistratui.
943 1093 1092 1147 Neque
1131 1094 1244 1134 enim
1276 1092 1323 1142 Q.
1354 1092 1442 1134 Me-

100 1154 228 1194 tellus
262 1153 489 1207 quicquam
522 1153 572 1194 de
611 1168 687 1209 sua
722 1153 883 1194 virtute
922 1152 1124 1205 detraxit,
1164 1152 1277 1206 quod
1313 1152 1442 1193 cessit

100 1212 146 1253 L.
178 1210 409 1253 Saturnino
440 1211 618 1265 furenti,
654 1226 791 1265 neque
824 1210 868 1252 O.
901 1210 1047 1264 Cotta,
1085 1211 1198 1265 quod
1230 1209 1277 1259 Q.
1308 1209 1441 1252 Vario

100 1273 154 1311 tr.
191 1271 248 1325 pl.
278 1270 487 1312 ‘inferiore
531 1284 684 1326 genere
729 1272 823 1311 orto
868 1269 1100 1311 cedendum
1138 1269 1329 1324 putavit,
1371 1284 1441 1310 ne-

47 1342 81 1367 20
103 1344 183 1383 que
210 1327 255 1370 C.
280 1328 454 1382 Marius,
488 1329 561 1384 qui
593 1331 775 1383 quantas
807 1343 875 1369 res
912 1328 1111 1384 gesserit,
1143 1330 1288 1369 vestra
1318 1328 1441 1370 vobis

102 1388 282 1429 libertas
319 1388 474 1429 indicio
514 1402 606 1429 esse
643 1388 820 1442 poterit,
857 1402 994 1441 neque
1026 1386 1081 1428 M.
1115 1386 1282 1428 Tullius
1317 1402 1442 1428 suum

102 1447 291 1488 animum
312 1461 337 1487 a
356 1449 501 1487 vestra
522 1446 785 1488 abalienavit
804 1448 1032 1501 potestate,
1053 1461 1146 1487 cum
1166 1447 1442 1501 praecipuum

100 1505 223 1546 vobis
251 1505 442 1546 obsidem
470 1505 535 1546 sui
562 1505 694 1546 animi
719 1507 908 1546 vestram
934 1505 1156 1559 reliquerit
1182 1505 1441 1546 libertatem.

102 1562 239 1612 Quam
268 1564 323 1605 ob
349 1578 440 1605 rem
465 1566 603 1605 testor
629 1564 728 1605 deos
756 1564 939 1617 deasque
967 1564 1226 1605 immortalis
1258 1567 1442 1606 vestras-

47 1635 82 1660 25
102 1637 182 1677 que
214 1622 398 1664 maxime
431 1625 614 1676 mentes,
655 1637 722 1663 me
759 1637 843 1664 non
882 1622 996 1663 vitae
1033 1623 1318 1677 turpitudine,
1355 1637 1443 1664 non

100 1696 179 1736 pro
205 1681 500 1737 magnitudine
520 1681 740 1736 scelerum,
765 1696 851 1723 non
876 1683 1052 1736 propter
1075 1682 1266 1736 reliquae
1286 1682 1440 1723 aetatis

101 1740 324 1781 infamiam
355 1755 514 1795 poenas
546 1740 638 1781 iure
671 1743 713 1781 et
745 1741 840 1795 lege
872 1740 1127 1794 persolvere,
1160 1741 1234 1782 sed
1265 1744 1442 1795 propter

101 1799 274 1840 virtutis
288 1799 505 1852 invidiam,
525 1801 702 1854 propter
719 1799 1069 1840 iucundissimam
1082 1799 1244 1855 ingenii
1258 1799 1441 1854 laudem,

101 1860 278 1912 propter
291 1858 633 1913 magnitudinem
646 1872 789 1899 rerum
803 1860 1023 1913 gestarum
1038 1858 1329 1900 crudelissime
1344 1858 1442 1900 civi-

48 1928 82 1953 30
101 1918 192 1957 tate
211 1916 383 1971 privari.
411 1916 570 1965 Quodsi
586 1917 698 1958 idem
713 1916 866 1958 accidit
882 1915 928 1965 Q.
944 1915 1158 1971 Caepioni,
1181 1917 1217 1958 si
1231 1917 1444 1972 Mancino,

103 1975 140 2015 si
153 1974 330 2029 Rutilio,
350 1975 457 2016 mihi
475 1975 557 2017 hoc
577 1975 779 2017 accidisse
798 1990 886 2016 non
905 1989 1165 2031 magnopere
1186 1975 1267 2017 erit
1286 1976 1442 2018 miran-

103 2034 214 2087 dum,
246 2049 340 2076 cum
370 2034 625 2089 praesertim
650 2049 736 2076 non
763 2034 931 2089 generis
958 2035 1230 2089 antiquitate,
1262 2035 1335 2076 sed
1361 2036 1442 2077 vir—

102 2092 208 2133 tutis
241 2093 503 2134 ornamentis
536 2108 747 2134 summam
780 2093 950 2134 laudem
982 2093 1063 2134 sim
1095 2097 1358 2136 consecutus.

190 2150 314 2193 Nunc
333 2166 421 2206 vos,
448 2152 611 2206 equites
631 2152 826 2206 Romani,
853 2154 1058 2207 optestor,
1080 2167 1260 2207 quorum
1280 2152 1441 2195 virtute
1459 2140 1511 2222 ἒξ

48 2221 82 2247 35
101 2224 258 2251 nomen
288 2210 531 2252 Romanum
569 2211 796 2252 victoriam
833 2226 928 2252 cum
967 2211 1091 2253 laude
1123 2212 1314 2266 possidet
1346 2227 1441 2254 con-

101 2268 302 2323 iunctam,
329 2284 509 2324 quorum
528 2270 655 2311 factis
676 2270 918 2325 gloriantur
938 2270 1062 2325 cives,
1087 2271 1306 2312 laetantur
1325 2271 1440 2324 socii,

104 2330 280 2382 gemunt
310 2327 470 2384 hostes,
502 2331 561 2383 ut,
594 2329 631 2370 si
663 2343 765 2384 erga
796 2343 872 2370 vos
906 2329 1247 2384 omnitempore
1280 2330 1440 2384 optime

175 2402 245 2429 CIC.
266 2404 318 2430 IV.
339 2405 363 2430 3.
1185 2402 1228 2432 28
