1663 2490
515 294 576 341 M.
619 294 807 341 TULLI
851 292 1180 342 CICERONIS

365 391 410 445 P
496 391 540 446 A
624 391 673 444 R
758 391 804 446 A
888 391 938 446 D
1022 391 1065 446 o
1150 391 1202 445 X
1287 346 1391 445 A*

625 489 1082 533 ADM.BRUTUM.

633 623 1077 663 ARGUMENTUM.

278 700 358 736 Hoc
383 700 514 735 libello
541 700 670 737 Cicero
697 700 849 735 Catonis
873 700 1073 745 Uticensis,
1099 699 1257 745 perfecti
1276 699 1378 735 illius
1398 699 1527 744 Stoici,

181 747 428 784 admiratione
455 747 639 783 adductus
661 748 885 793 disciplinae
907 747 1054 783 Stoicae
1086 749 1305 793 praecepta,
1338 757 1430 791 quae
1463 748 1527 782 ho-

182 795 302 830 mines
328 795 375 830 ob
403 795 642 830 severitatem
667 795 948 830 admirabantur
972 794 1092 840 magis
1127 805 1238 839 quam
1270 794 1528 838 sequebantur,

182 840 391 888 παράδοξα,
418 853 512 887 quae
537 842 664 877 Latini
689 844 826 877 vocant
852 841 1099 885 admirabilia,
1127 841 1305 876 orationis
1332 852 1420 876 suae
1448 853 1528 877 sua-

183 890 302 925 vitate
326 888 476 924 mollita
499 889 655 935 probare
681 890 820 934 populo
842 891 881 924 et
900 889 1155 924 commendare
1176 889 1307 923 voluit.
1342 889 1438 924 Nam
1458 889 1529 923 etsi

182 937 222 971 in
247 936 415 972 oratione
440 947 508 981 pro
535 936 575 971 L.
601 936 754 971 Murena
779 936 920 971 Catone
952 937 1150 971 accusante
1177 935 1385 971 Stoicorum
1409 933 1529 981 παρά·

183 985 276 1026 δοξοι
300 982 522 1028 perstringit
547 984 586 1018 et
612 983 652 1017 in
678 983 856 1018 librorum
882 983 928 1018 de
948 983 1081 1018 finibus
1105 983 1158 1017 ΠΙ
1184 984 1222 1017 et
1245 982 1296 1017 IV
1329 983 1530 1018 eorundem

183 1030 395 1066 austeritati
420 1030 688 1065 moderandum
714 1041 794 1065 esse
821 1032 965 1073 censet,
990 1032 1118 1064 tamen
1140 1040 1215 1064 non
1239 1031 1317 1064 tam
1338 1029 1529 1065 doetrinae

182 1077 368 1112 rationem
404 1077 556 1112 illorum
590 1077 778 1122 improbat
809 1087 921 1121 quam
959 1076 1138 1112 sermonis
1176 1076 1425 1112 insolentiam.
1475 1077 1529 1111 Ac

182 1122 1529 1225 {affssdssussssffiu33500023233n3‘’gssssffleffssssssstssg'sffiff...3333ss

181 1219 221 1253 in
247 1229 285 1253 se
312 1229 385 1253 uno
410 1218 547 1253 habere
574 1219 698 1253 omnia.
722 1218 817 1253 bene
843 1218 1025 1262 beateque
1050 1217 1203 1252 vivendi
1230 1217 1429 1263 praesidia.
1476 1219 1530 1253 Ex

181 1265 241 1300 his
267 1267 393 1300 autem
418 1265 511 1300 locis
537 1267 671 1308 cetera,
705 1276 799 1310 quae
831 1265 1007 1310 deinceps
1039 1265 1290 1310 persequitur,
1325 1266 1414 1310 apta
1445 1267 1532 1300 sunt

184 1315 222 1348 et
248 1323 438 1358 suspensa.
474 1312 606 1356 Itaque
631 1312 764 1347 tertius
790 1311 894 1347 locus
915 1313 973 1347 est
985 1312 1030 1347 de
1044 1314 1283 1357 peccatorum
1303 1311 1530 1356 aequalitate

184 1359 357 1396 omnium.
391 1359 520 1400 Quarti
535 1360 580 1394 de
595 1360 793 1395 stultorum
808 1358 953 1394 insania
965 1359 1039 1394 loci
1052 1369 1173 1404 pauca
1185 1359 1300 1395 verba
1313 1362 1529 1404 supersunt,

185 1406 352 1452 sequitur
370 1406 490 1450 aliud,
511 1417 583 1451 quo
608 1407 744 1452 probat
763 1407 882 1441 solum
903 1406 1110 1452 sapientem
1131 1417 1211 1441 esse
1231 1405 1367 1449 civem,
1395 1407 1530 1442 stultos

186 1465 312 1490 omnes
334 1454 459 1489 exules
479 1454 649 1499 exemplo
672 1465 759 1489 usus
785 1453 960 1496 alicuius,
993 1464 1102 1498 quem
1130 1453 1237 1488 Clodi
1262 1453 1424 1488 similem
1451 1465 1530 1489 esse

184 1501 309 1546 fingit,
342 1501 556 1536 adversarii.
607 1501 744 1542 Quinto
763 1501 800 1535 lo
825 1512 866 1545 o,
893 1511 964 1545 quo
990 1500 1029 1537 L.
1056 1500 1253 1535 Lucullum
1278 1502 1391 1545 atque
1416 1501 1532 1536 etiam

185 1548 426 1583 Hortensium
443 1548 593 1583 videtur
613 1558 773 1593 carpere,
800 1548 874 1583 nisi
899 1547 1107 1593 sapientem
1130 1547 1306 1583 libertate
1324 1547 1397 1582 frui
1415 1549 1532 1583 nemi-

184 1607 270 1630 nem
290 1595 411 1638 docet,
430 1606 540 1641 posse
560 1596 684 1630 autem
703 1606 816 1630 unum
833 1605 1013 1639 quemque
1033 1595 1089 1629 ita
1108 1594 1245 1638 vivere,
1265 1596 1308 1630 ut
1326 1595 1430 1638 velit,
1456 1594 1480 1630 i.
1497 1607 1530 1632 e.

184 1642 343 1678 liberum
366 1653 458 1685 esse,
479 1642 510 1677 si
528 1643 640 1678 modo
659 1643 895 1678 honestatem
915 1643 1100 1686 sequatur.
1126 1641 1295 1686 Denique
1317 1643 1421 1677 sexto
1434 1642 1531 1687 loco,

186 1701 259 1735 quo
284 1689 333 1726 M.
362 1689 532 1725 Crassum
559 1689 715 1724 divitem
740 1688 999 1735 reprehendit,
1034 1688 1167 1724 aerarii
1190 1689 1229 1724 in
1255 1689 1451 1725 consulatu
1477 1701 1532 1725 se-

186 1737 307 1772 cundo
327 1739 373 1781 (a.
394 1748 428 1774 u
444 1748 474 1772 c.
496 1740 578 1781 699)
599 1737 753 1782 expilati
773 1736 928 1771 infamia
946 1736 1163 1779 notabilem,
1184 1735 1304 1771 solum
1324 1736 1532 1782 sapientem

187 1784 242 1819 ait
271 1783 433 1829 gaudere
459 1783 621 1827 divitiis,
656 1786 699 1818 ut
730 1794 824 1828 quae
858 1795 940 1818 cum
965 1783 1003 1817 in
1036 1782 1168 1818 ceteris
1199 1783 1418 1829 virtutibus,
1451 1785 1532 1819 tum

185 1831 344 1866 maxime
369 1831 409 1866 in
434 1831 666 1866 continentia
691 1830 765 1865 sint
790 1831 947 1876 positae
988 1829 1068 1865 Hoc
1088 1832 1212 1865 autem
1230 1830 1400 1866 brevium
1423 1841 1532 1875 quae-

187 1878 366 1922 stionum,
399 1879 504 1931 quod·
524 1879 572 1913 ad
603 1878 652 1913 M.
678 1878 834 1912 Brutum
858 1876 995 1921 mittit,
1026 1877 1286 1913 munusculum
1310 1878 1420 1914 unius
1444 1878 1534 1914 anni

186 1927 373 1971 tempore,
401 1927 444 1961 ut
467 1924 633 1969 videtur,
658 1925 859 1960 hiberno
841 1924 1088 1970 compositum
1114 1935 1195 1960 esse
1221 1936 1241 1960 e
1271 1924 1452 1970 prooemii
1472 1929 1491 1968 ξ
1511 1929 1533 1962 5

187 1973 352 2018 apparet.
390 1973 444 2008 Ac
470 1983 693 2018 quamquam
714 1972 841 2007 Cicero
864 1971 1036 2007 Crassum
1061 1983 1092 2008 a.
1113 1983 1147 2008 u.
1169 1983 1198 2007 c.
1221 1976 1287 2008 701
1309 1973 1349 2007 et
1361 1972 1533 2008 Clodium

189 2024 256 2056 702
281 2019 497 2056 interfectos
524 2020 669 2066 dialogi
693 2019 847 2065 licentia
873 2018 945 2054 sibi
970 2019 1099 2054 adesse
1124 2019 1250 2065 potuit
1276 2019 1434 2064 fingere,
1459 2031 1534 2055 non

186 2069 313 2103 tamen
336 2068 425 2113 post
448 2078 614 2103 mensem
640 2066 729 2103 anni
762 2071 829 2102 708
856 2066 1018 2110 Iunium,
1051 2077 1123 2111 quo
1156 2066 1247 2102 Cato
1272 2068 1430 2102 mortem
1461 2066 1534 2103 sibi

188 2114 321 2150 Uticae
347 2114 538 2158 conscivit,
565 2115 756 2150 conditum
780 2114 853 2149 hoc
879 2114 1099 2159 opuseulum
1124 2124 1204 2150 esse
1228 2113 1389 2150 videtur.

277 2233 594 2289 Animadverti,
635 2233 789 2289 Brute,
856 2249 960 2290 aepe
998 2234 1226 2289 Catonem,
1275 2234 1534 2276 avunculum
1559 2244 1578 2276 1

188 2294 324 2345 tuum,
354 2308 450 2336 oum
481 2294 527 2335 in
559 2296 711 2336 senatu
743 2294 1002 2336 sententiam
1035 2293 1206 2348 diceret,
1238 2293 1356 2335 locos
1377 2306 1532 2348 graves
