1663 2490
504 68 604 104 CAP.
633 73 688 110 19,
714 72 769 103 20.
819 73 838 111 ς
864 73 1013 104 69-75.
1347 70 1428 111 157

92 189 345 231 responsum
389 177 473 226 est,
522 190 618 217 cum
660 176 727 217 illi
770 176 1008 230 quaerenti,
1052 190 1136 229 qua
1172 176 1346 217 tandem
1384 191 1430 218 re

91 234 228 276 fretus
261 234 343 275 sibi
374 236 465 274 tam
497 234 715 276 audaciter
746 234 992 287 obsisteret,
1027 234 1299 288 respondisse
1332 234 1430 276 dici-

39 298 41 300 ’
92 295 181 334 tur:
214 290 532 334 ‘Senectute'
576 291 659 334 Sed
690 293 860 334 vivendi
891 295 958 334 est
981 292 1079 333 finis
1106 293 1308 347 optimus,
1333 307 1429 334 cum

92 351 263 407 integra
282 353 423 392 mente
443 351 655 405 certisque
676 352 870 407 sensibus
890 365 996 406 opus
1017 351 1112 406 ipsa
1131 365 1255 392 suum
1269 351 1430 405 eadem,

57 421 73 446 ⁵
93 424 200 464 quae
232 409 569 464 coagmentavit,
611 412 767 451 natura
804 410 1013 451 dissolvit.
1074 408 1136 451 Ut
1171 424 1343 464 navem,
1381 412 1430 451 ut

93 467 331 510 aedificium
361 467 474 509 idem
506 468 687 509 destruit
718 468 939 522 facillime,
971 467 1044 523 qui
1075 469 1332 522 construxit,
1370 468 1430 510 sic

90 526 310 568 hominem
347 526 494 568 eadem
533 527 712 581 optime,
756 542 864 581 quae
902 526 1234 582 conglutinavit,
1274 530 1430 568 natura

92 585 303 627 dissolvit.
361 584 454 626 Iam
486 585 625 626 omnis
658 586 971 640 conglutinatio
1004 599 1150 627 recens
1183 599 1329 641 aegre,
1369 585 1429 626 in-

91 646 286 686 veterata
310 643 436 685 facile
468 643 697 685 divellitur.
746 644 815 685 Ita
845 644 912 698 fit,
943 647 992 685 ut
1021 644 1130 685 illud
1160 645 1289 686 breve
1314 644 1429 686 vitae

41 715 73 740 ιο
92 702 304 756 reliquum
334 717 411 744 nec
438 702 559 744 avide
585 702 870 758 adpetendum
897 703 1068 744 senibus
1094 717 1170 745 nec
1191 703 1281 745 sine
1301 717 1430 745 causa

93 761 371 802 deserendum
414 761 489 815 sit3
537 764 739 816 vetatque
778 761 1050 817 Pythagoras
1092 761 1257 803 iniussu
1299 762 1430 817 impe-

91 820 267 874 ratoris,
307 820 350 861 id
382 822 447 860 est
479 819 561 874 dei,
594 820 643 861 de
675 820 889 875 praesidio
922 824 965 861 et
996 820 1183 862 statione
1214 820 1329 862 vitae
1364 820 1430 861 de-

92 878 250 920 cedere.
301 877 470 920 Solom's
503 878 673 932 quidem
705 878 912 934 sapientis
944 881 1009 920 est
1041 879 1242 934 elogium,
1275 893 1358 933 quo
1385 893 1430 920 se

92 940 224 992 negat
254 937 364 978 velle
397 951 518 978 suam
550 940 734 978 mortem
766 938 913 979 dolore
942 937 1177 979 amicorum
1203 941 1246 979 et
1271 938 1430 979 lamen-

0 1014 1 1017 *
41 1008 71 1032 1⁵
92 996 148 1037 tis
173 1010 336 1037 vacare.
379 994 496 1049 Volt,
528 995 664 1049 credo,
696 1010 740 1037 se
772 1010 864 1037 esse
896 1010 1042 1037 carum
1075 996 1181 1050 suis;
1213 996 1286 1037 sed
1316 995 1431 1037 haud

94 1054 180 1096 scio
213 1068 267 1095 an
298 1053 451 1095 melius
483 1052 666 1095 Ennius:

150 1111 309 1154 Nemo
354 1126 427 1153 me
458 1112 711 1153 lacrumis
756 1112 960 1154 decoret
1003 1127 1163 1166 neque
1206 1112 1389 1154 funera

1083 1171 1217 1212 fletu

268 1229 301 1270 F
310 1230 389 1271 axi
400 1232 429 1270 t.

92 1287 192 1330 Non
222 1291 367 1330 censet
392 1288 622 1344 lugendam
642 1302 734 1329 esse
754 1291 950 1341 mortem,
983 1303 1112 1342 quam
1137 1288 1428 1330 inmortalitas

39 1360 74 1385 20
93 1350 389 1401 consequatur.
431 1346 523 1388 Iam
557 1361 705 1388 sensus
737 1347 946 1388 moriendi
978 1347 1134 1402 aliquis
1161 1361 1253 1389 esse
1273 1350 1430 1402 potest,

90 1406 212 1460 isque
244 1405 298 1447 ad
329 1406 529 1461 exiguum
561 1408 743 1460 tempus,
774 1405 1029 1460 praesertim
1061 1405 1163 1459 seni,
1194 1409 1295 1461 post
1320 1421 1430 1448 mor-

91 1467 180 1506 tem
211 1464 382 1518 quidem
414 1478 562 1506 sensus
596 1467 670 1506 aut
702 1464 915 1519 optandus
948 1466 1022 1506 aut
1056 1465 1201 1506 nullus
1228 1468 1304 1506 est.
1348 1463 1430 1507 Sed

90 1523 172 1565 hoc
204 1523 458 1564 meditatum
496 1523 550 1564 ab
595 1523 884 1566 adulescentia
922 1523 1048 1564 debet
1088 1537 1201 1577 esse,
1244 1527 1429 1566 mortem

92 1584 140 1623 ut
164 1582 458 1637 neglegamuS,
491 1582 580 1623 sine
607 1596 691 1636 qua
716 1581 993 1623 meditatione
1018 1582 1256 1637 tranquillo
1286 1583 1429 1624 animo

38 1653 72 1678 ¹5
91 1655 184 1682 esse
215 1655 340 1682 nemo
366 1643 522 1696 potest.
582 1639 851 1682 Moriendum
884 1640 996 1682 enim
1028 1643 1142 1682 certe
1174 1643 1257 1695 est,
1296 1644 1339 1683 et
1368 1641 1429 1682 in-

91 1702 255 1742 certum
288 1714 342 1740 an
369 1699 450 1741 hoc
475 1700 570 1754 ipso
597 1699 674 1740 die.
718 1698 902 1741 Mortem
926 1699 1061 1755 igitur
1087 1699 1286 1741 omnibus
1310 1700 1429 1742 horis

1456 767 1499 798 73

1456 1353 1499 1384 74

90 1757 391 1813 inpendentem
414 1758 568 1799 timens
597 1758 669 1812 qui
693 1758 854 1813 poterit
873 1757 1016 1799 animo
1042 1758 1303 1800 consistere?
1347 1758 1498 1802 De(75)

92 1831 176 1871 qua
206 1831 293 1858 non
317 1817 381 1858 ita
405 1817 536 1872 longa
562 1816 851 1871 disputatione
877 1831 984 1872 opus
1009 1831 1100 1858 esse
1126 1817 1307 1871 videtur,
1333 1832 1429 1859 cum

92 1875 289 1917 recorder
318 1890 405 1917 non
435 1875 481 1917 L.
512 1874 714 1930 Brutum,
755 1876 828 1930 qui
858 1875 902 1916 in
934 1875 1157 1917 liberanda
1186 1877 1330 1930 patria
1362 1879 1428 1918 est

41 1944 75 1971 ³0
93 1933 362 1988 interfectus,
393 1948 480 1976 non
511 1934 616 1976 duos
636 1934 803 1988 Decios,
835 1934 907 1988 qui
927 1934 980 1975 ad
1005 1934 1293 1976 voluntariam
1319 1950 1428 1977 mor·
1455 1941 1498 1972 75

92 1996 181 2034 tem
225 2007 394 2035 cursum
433 2007 638 2047 equorum
674 1993 980 2049 incitaverunt,
1022 2007 1109 2035 non
1145 1992 1202 2034 M.
1232 1993 1428 2047 Atilium,

92 2051 166 2106 qui
197 2052 251 2093 ad
282 2051 540 2107 supplicium
566 2055 632 2093 est
656 2051 885 2107 profectus,
911 2054 959 2092 ut
983 2051 1111 2093 fidem
1136 2051 1253 2093 hosti
1282 2052 1426 2094 datam

91 2113 381 2165 conservaret,
418 2125 504 2152 non
537 2110 642 2153 duos
674 2109 912 2165 Scipiones,
950 2110 1023 2165 qui
1059 2110 1142 2152 iter
1172 2110 1327 2153 Poenis
1359 2112 1425 2153 vel

92 2169 342 2223 corporibus
363 2169 451 2211 suis
471 2169 694 2211 obstruere
713 2170 953 2223 voluerunt,
983 2183 1071 2210 non
1091 2184 1219 2211 avum
1239 2172 1361 2211 tuum
1380 2169 1415 2212 L

40 2237 73 2263 ⁸⁵
92 2225 291 2281 Paulum,
335 2228 407 2282 qui
450 2231 589 2270 morte
626 2228 708 2270 luit
746 2229 937 2283 collegae
974 2227 1019 2269 in
1056 2226 1271 2270 Cannensi
1309 2230 1426 2285 igno-

92 2285 225 2327 minia
248 2287 549 2337 temeritatem,
579 2301 667 2330 non
690 2286 746 2329 M.
772 2286 1035 2341 Marcellum,
1060 2287 1178 2329 cuius
1203 2287 1426 2329 interitum
