1673 2505
115 1284 158 1315 48

133 1960 158 2041 «ΜΣ-ο

184 60 210 99 2
217 60 236 99 1
244 60 269 99 2
707 58 836 93 PARA
843 57 1007 93 130on

184 165 421 218 molientes,
455 165 526 219 qui
554 167 651 206 tuas
678 164 919 205 mercedum
945 164 1165 217 pactiones
1191 165 1235 205 in
1259 165 1522 219 patrociniis,

183 224 213 277 †
243 223 472 264 intercidas
505 222 781 277 pecuniarum
817 222 858 262 in
897 221 1154 263 coitionibus
1186 223 1522 276 candidatorum,

185 282 454 323 dimissiones
494 282 748 322 libertorum
787 280 839 321 ad
878 279 1208 321 defaenerandas
1248 281 1523 335 diripiendas-

186 355 266 394 que
298 340 562 395 provincias,
595 338 667 392 qui
699 337 971 392 expulsiones
1002 338 1255 391 vicinorum,
1288 339 1361 393 qui
1392 340 1522 380 latro-

186 398 296 440 cinia
320 398 364 438 in
391 398 519 453 agris,
546 397 618 450 qui
644 411 739 438 cum
766 396 912 449 servis,
944 411 1040 437 cum
1065 397 1245 450 libertis,
1277 412 1372 439 cum
1399 398 1522 439 clien-
1560 411 1576 435 5

185 457 302 498 tibus
347 456 593 509 societates,
644 455 715 508 qui
758 454 1051 509 possessiones
1095 469 1269 509 vacuas,
1313 456 1386 510 qui
1428 470 1523 510 pro-

187 515 439 569 scriptiones
473 513 764 568 locupletium,
797 513 870 567 qui
901 513 1050 554 caedes
1079 513 1420 568 municipiorum,
1452 514 1524 567 qui

185 574 306 614 illam
339 571 505 613 Sullani
535 571 744 626 temporis
776 585 959 612 messem
990 571 1258 625 reeordetur5
1291 572 1364 626 qui
1394 574 1523 613 testa-

186 633 330 672 menta
357 630 562 684 subiecta,
593 632 661 671 tot
686 629 759 684 qui
785 630 980 671 sublatos
1005 629 1217 683 homines,‘
1246 630 1319 684 qui
1344 630 1523 684 denique

186 690 329 730 omnia
360 688 765 741 venaliay-edictum
798 688 1031 740 decretum,
1064 688 1248 729 alienam
1280 702 1401 729 suam
1434 703 1523 729 sen·
1546 702 1577 726 10

185 747 384 799 tentiam,
421 747 561 788 forum
595 747 785 800 domum,
823 760 969 787 vocem
1002 746 1239 787 silentium:
1282 747 1375 800 quis
1413 747 1525 788 hunc

184 820 270 847 non
312 808 436 860 putet
479 805 673 846 confiteri
723 805 805 846 sibi
856 804 1049 859 quaesito
1100 819 1206 859 opus
1251 805 1372 846 esse?
1447 804 1525 846 Cui

188 864 382 918 quaesito
428 866 571 904 autem
611 877 717 918 opus
759 863 832 917 sit,
887 863 981 917 quis
1024 877 1228 917 umquam
1271 863 1384 905 hunc
1426 878 1524 904 vere

187 922 340 963 dixerit
383 922 589 963 divitem?
613 945 624 955 ·
656 921 827 978 Etenim
874 921 1121 962 divitiarum
1166 923 1232 962 est
1273 921 1437 963 fructus
1481 922 1525 963 in

186 981 325 1036 copia,
370 980 537 1035 copiam
582 983 725 1021 autem
769 980 959 1021 declarat
1000 980 1179 1021 satietas
1215 994 1357 1021 rerum
1396 983 1523 1034 atque
1548 994 1578 1018 15

186 1039 467 1092 abundantia3
513 1053 641 1092 quam
684 1041 731 1080 tu
771 1038 972 1092 quoniam
1009 1052 1244 1093 numquam
1283 1038 1525 1093 adsequere,

185 1108 419 1151 numquam
465 1097 637 1138 omnino
684 1111 728 1138 es
772 1097 889 1138 dives
934 1096 1117 1138 futurus,
1189 1096 1331 1138 Meam
1382 1100 1523 1138 autem

186 1155 387 1209 quoniam
419 1155 642 1209 pecuniam
681 1155 936 1209 contemnis,
974 1157 1017 1196 et
1054 1157 1168 1196 recte
1200 1154 1285 1207 (est
1322 1155 1433 1196 enim
1473 1156 1526 1197 ad

186 1214 306 1269 volgi
338 1214 582 1268 opinionem
614 1213 856 1266 mediocris,
889 1214 941 1254 ad
972 1216 1092 1254 tuam
1123 1214 1262 1267 nulla,
1301 1214 1354 1255 ad
1385 1228 1524 1255 meam

186 1270 391 1326 modica),
436 1272 485 1313 de
529 1286 597 1312 me
635 1272 790 1325 silebo,
833 1272 883 1313 de
921 1287 967 1312 re
1004 1272 1168 1326 loquar.
1231 1270 1275 1312 Si
1316 1272 1525 1314 censenda
1546 1286 1579 1310 20

185 1330 308 1372 nobis
342 1331 399 1371 sit
430 1332 559 1384 atque
592 1330 859 1371 aestimanda
889 1344 976 1383 res,
1007 1333 1152 1370 utrum
1183 1330 1355 1371 tandem
1388 1331 1525 1385 pluris

186 1389 460 1430 aestimemus
487 1388 710 1443 pecuniam
730 1388 897 1442 Pyrrhi,
925 1403 1053 1442 quam
1071 1387 1269 1430 Fabricio
1297 1388 1439 1442 dabat,
1471 1404 1526 1430 an

185 1447 495 1489 continentiam
520 1446 704 1499 Fabrici,
739 1446 813 1500 qui
841 1446 965 1488 illam
991 1447 1214 1501 pecuniam
1240 1447 1524 1502 repudiabat?

184 1508 329 1547 utrum
353 1521 505 1546 aurum
531 1503 771 1546 Samnitum
799 1520 854 1546 an
879 1519 1132 1560 responsum
1158 1505 1226 1546 M’.
1253 1504 1382 1547 Curi?
1408 1506 1525 1547 here-

185 1564 363 1605 ditatem
378 1563 422 1605 L.
437 1563 561 1605 Pauli
581 1579 635 1604 an
655 1564 962 1605 liberalitatem
981 1563 1186 1617 Africani,
1206 1564 1278 1618 qui
1298 1564 1387 1605 eius
1408 1564 1524 1606 here·
1544 1577 1577 1601 25

185 1623 333 1663 ditatis
355 1622 401 1670 Q.
421 1622 608 1663 Maximo
634 1622 761 1663 fratri
785 1625 954 1676 partem
981 1637 1101 1663 suam
1128 1622 1366 1664 concessit?
1406 1622 1535 1665 Haec‘

184 1681 389 1735 profecto,
422 1695 529 1735 quae
561 1683 662 1722 sunt
693 1695 957 1722 summarum
982 1680 1203 1735 virtutum,
1233 1681 1370 1735 pluris
1397 1681 1522 1722 aesti-

184 1740 341 1781 manda
373 1742 473 1780 sunt
506 1753 634 1793 quam
665 1739 754 1793 illa,
788 1753 895 1793 quae
927 1742 1027 1780 sunt
1053 1739 1267 1794 pecuniae.
1317 1738 1420 1787 Quis
1445 1740 1523 1795 igi-

184 1801 266 1852 tur,
299 1798 519 1851 siquidem,
551 1801 600 1839 ut
632 1797 822 1851 quisque,
856 1797 968 1851 quod
993 1797 1168 1851 plurimi
1193 1797 1262 1851 sit,
1292 1798 1523 1852 possideat,

184 1857 246 1897 ita
279 1856 562 1897 divitissimus
588 1856 810 1897 habendus
843 1857 912 1909 sit,
944 1856 1123 1909 dubitet,
1155 1856 1257 1910 quin
1287 1856 1332 1896 in
1363 1856 1523 1897 virtute
1544 1870 1575 1894 30

186 1914 359 1956 divitiae
392 1914 508 1956 sint?
542 1914 743 1968 quoniam
775 1914 894 1956 nulla
924 1914 1152 1969 possessio,
1183 1914 1303 1955 nulla
1334 1914 1398 1955 vis
1431 1915 1524 1956 auri

185 1976 228 2013 et
260 1973 429 2028 argenti
466 1973 602 2027 pluris
642 1988 771 2027 quam
809 1973 945 2014 virtus
979 1973 1244 2014 aestimanda
1276 1975 1352 2014 est.
1413 1972 1448 2014 O
1482 1973 1524 2014 di

183 2031 468 2072 immortales!
507 2046 594 2073 non
623 2031 883 2086 intellegunt
914 2031 1126 2085 homines,
1158 2046 1286 2085 quam
1318 2045 1523 2086 magnum

185 2090 372 2145 vectigal
406 2090 462 2130 sit
494 2090 768 2145 parsimonia.
812 2089 948 2131 Venio
976 2089 1088 2130 enim
1113 2090 1198 2131 iam
1226 2089 1279 2130 ad
1305 2092 1523 2145 sumptuo-

186 2162 274 2202 sos,
311 2148 506 2202 relinquo
544 2148 677 2190 istum
709 2151 1025 2202 quaestuosum.
1088 2146 1215 2202 Capit
1245 2148 1320 2189 ille
1353 2163 1402 2190 ex
1435 2149 1522 2190 suis
1542 2160 1575 2185 35

184 2206 369 2261 praediis
403 2221 576 2248 sescena
614 2207 830 2260 sestertia,
868 2220 948 2261 ego
987 2208 1166 2248 centena
1203 2221 1253 2248 ex
1290 2206 1416 2261 meis3
1456 2203 1523 2254 illi

185 2267 337 2306 aurata
375 2267 490 2306 tecta
527 2265 572 2306 in
610 2265 725 2307 villis
765 2267 808 2307 et
851 2266 944 2306 sola
988 2280 1228 2306 marmorea
1269 2265 1443 2307 facienti
1480 2268 1522 2307 et

1641 2235 1645 2352 Ι
