1673 2505
153 706 196 736 34

157 987 207 1028 10

151 1347 194 1377 35

150 1930 194 1961 36

221 63 309 104 224
786 60 998 96 TIMAEUS

222 171 395 225 praeter
428 168 657 211 admodum
689 182 848 223 paucos
880 182 1018 221 neque
1049 173 1221 209 nomine
1249 168 1472 222 appellant
1496 182 1566 209 ne-

224 243 305 283 que
337 229 449 269 inter
482 242 527 268 se
564 241 742 268 numero
780 226 1124 267 commetiuntur.
1185 225 1336 280 Itaque
1370 226 1566 267 nesciunt

223 287 302 328 hos
336 286 523 327 siderum
556 299 721 326 errores
752 284 795 324 id
826 284 968 338 ipsum
1001 299 1110 337 esse,
1152 284 1265 339 quod
1296 284 1379 325 rite
1411 283 1566 325 dicitur

222 348 404 399 tempus,
437 343 711 385 multitudine
736 342 916 395 infinita,
942 342 1151 383 varietate
1178 342 1423 383 admirabili
1447 356 1567 397 prae-

224 404 347 444 ditos.
392 402 457 444 Ac
488 404 633 442 tamen
664 400 774 442 illud
804 400 991 455 perspici
1022 403 1065 441 ct
1089 400 1286 456 intellegi
1311 403 1467 455 potest,
1495 400 1565 441 ab·
1603 411 1620 437 5

224 462 367 503 soluto
400 460 674 514 perfectoque
700 473 877 499 numero
904 459 1112 513 temporis
1140 460 1385 500 absolutum
1407 473 1566 500 annum

223 519 545 574 perfectumque
596 521 689 558 tum
733 517 939 572 compleri
984 517 1181 571 denique,
1240 532 1336 559 cum
1380 532 1425 559 se
1469 519 1566 558 octo

225 578 412 618 ambitus
446 575 651 618 confectis
685 575 772 616 suis
806 575 1000 616 cursibus
1033 576 1087 617 ad
1117 576 1229 617 idem
1268 578 1398 630 caput
1434 578 1567 616 rettu-

223 637 378 688 lerunt,
410 649 590 688 cumque
623 649 695 675 eos
728 649 977 688 permensus
1008 636 1074 675 est
1098 634 1212 675 idem
1238 638 1281 674 et
1308 648 1475 688 semper
1501 634 1568 675 sui

225 694 377 735 similis
411 693 540 735 orbis.
602 692 693 734 Has
726 693 860 748 igitur
893 693 947 733 ob
980 707 1130 734 causas
1162 695 1267 734 nata
1299 695 1417 733 astra
1455 695 1567 745 sunt,
1589 704 1621 728 10

225 767 332 806 quae
364 766 441 806 per
473 751 638 793 caelum
670 751 944 806 penetrantia
977 751 1200 792 solstitiali
1233 765 1277 792 se
1310 754 1353 791 et
1380 751 1567 792 brumali

225 810 495 852 revocatione
529 812 843 863 converterent,
881 812 929 850 ut
960 809 1041 852 hoc
1080 824 1204 850 omne
1237 809 1415 862 animal,
1454 809 1565 863 quod

224 869 429 922 videmus,
462 871 575 909 esset
605 868 672 909 illi
704 868 898 922 animali,
938 868 1051 922 quod
1082 868 1310 921 sentimus,
1349 867 1403 908 ad
1435 870 1568 909 aeter-

223 928 373 968 nitatis
407 927 694 968 imitationem
727 926 1009 967 simillimum.

305 986 363 1027 Et
383 988 524 1027 cetera
544 985 715 1040 quidem
735 999 869 1039 usque
893 985 946 1026 ad
966 984 1173 1039 temporis
1194 987 1337 1026 ortum
1356 986 1567 1039 impressa
1589 994 1620 1019 15

221 1045 275 1085 ab
309 1044 407 1097 illis,
441 1059 548 1098 quae
574 1044 841 1097 imitabatur,
874 1044 1121 1097 ecfinxerat3
1154 1043 1226 1084 sed
1253 1044 1353 1097 quia
1378 1043 1567 1084 nondum

220 1118 346 1144 omne
368 1103 528 1144 animal
548 1102 593 1143 in
614 1102 770 1143 mundo
791 1102 907 1143 intus
927 1102 1172 1155 incluserat,
1193 1116 1243 1142 ex
1264 1116 1313 1142 63
1332 1104 1455 1156 parte
1471 1101 1567 1142 defi-

221 1161 361 1202 ciebat
376 1161 430 1202 ad
444 1160 715 1215 propositum
730 1161 948 1215 exemplar
962 1160 1164 1215 imaginis
1180 1160 1429 1201 similitudo.
1453 1159 1567 1207 Quot

221 1220 355 1275 igitur
382 1223 424 1261 et
451 1220 598 1273 quales
626 1219 877 1260 animalium
903 1219 1065 1260 formas
1092 1233 1211 1260 mens
1235 1218 1281 1259 in
1300 1218 1485 1273 speciem
1506 1233 1566 1259 re-

222 1293 315 1319 rum
348 1279 518 1318 intuens
551 1280 723 1332 poterat
755 1292 947 1331 cernere,
979 1277 1160 1319 totidem
1193 1280 1236 1317 et
1267 1277 1377 1318 tales
1409 1276 1454 1317 in
1485 1276 1567 1318 hoc
1587 1286 1620 1311 20

223 1336 379 1377 mundo
401 1351 544 1377 secum
569 1336 780 1391 cogitavit
800 1336 1015 1391 effingere.
1052 1335 1191 1376 Erant
1212 1338 1357 1376 autem
1378 1334 1567 1376 animan—

222 1395 330 1436 tium
352 1409 510 1450 genera
531 1396 748 1448 quattuor,
769 1409 950 1448 quorum
971 1409 1101 1435 unum
1123 1393 1313 1434 divinum
1328 1396 1457 1448 atque
1478 1408 1566 1435 cae-

222 1454 340 1506 leste,
374 1453 559 1494 alterum
591 1452 864 1508 pinnigerum
896 1455 939 1494 et
968 1453 1142 1505 aerium,
1174 1452 1351 1493 tertium
1376 1452 1566 1505 aquatile,

221 1514 424 1552 terrestre
446 1514 659 1565 quartum.
686 1511 868 1552 Divinae
889 1511 1165 1552 animationis
1182 1511 1365 1552 maxime
1380 1511 1566 1565 speciem

222 1570 409 1611 faciebat
434 1584 484 1610 ex
509 1570 621 1625 igne,
654 1572 702 1611 ut
722 1571 764 1611 et
785 1570 1156 1624 splendidissimus
1178 1572 1291 1610 esset
1320 1571 1363 1610 et
1389 1571 1565 1622 aspectu
1585 1579 1618 1604 25

222 1628 548 1682 pulcherrimus.
599 1627 791 1682 Cumque
824 1643 921 1669 eum
954 1628 1139 1669 similem
1170 1627 1360 1669 universi
1385 1630 1566 1669 naturae

221 1686 389 1728 efficere
415 1687 558 1740 vellet,
591 1687 644 1728 ad
670 1687 989 1728 volubilitatem
1009 1686 1258 1728 rotundavit
1281 1686 1566 1740 comitemque

222 1760 318 1786 eum
345 1745 582 1800 sapientiae
610 1760 739 1799 quam
772 1746 960 1800 optimae
988 1745 1142 1786 mentis
1165 1744 1305 1786 effecit
1323 1745 1565 1798 circumque

223 1818 346 1844 omne
379 1804 542 1845 caelum
577 1803 814 1858 aequaliter
846 1803 1087 1857 distribuit,
1125 1805 1174 1845 ut
1205 1803 1317 1845 hunc
1356 1803 1565 1844 varietate

223 1862 471 1903 distinctum
498 1863 605 1903 bene
633 1862 786 1904 Graeci
811 1860 991 1916 κόσμον,
1016 1876 1095 1904 nos
1121 1863 1335 1904 lucentem
1359 1862 1566 1903 mundum
1585 1872 1618 1896 30

222 1920 553 1962 nominaremus.
598 1920 728 1961 Dedit
760 1923 904 1962 autem
934 1921 1088 1962 (livinis
1116 1921 1198 1962 duo
1226 1935 1385 1976 genera
1410 1922 1566 1974 motus,

221 1993 364 2031 unum,
398 1979 511 2033 quod
544 1993 713 2033 semper
745 1982 858 2020 esset
888 1979 933 2020 in
965 1979 1114 2020 eodem
1142 1979 1172 2031 †
1198 1979 1248 2020 de
1275 1993 1358 2033 quo
1386 1981 1429 2020 et
1453 1979 1566 2019 idem

221 2037 419 2078 omnibus
447 2040 575 2091 atque
613 2052 698 2079 uno
737 2038 864 2079 modo
904 2038 1080 2091 celaret,
1124 2037 1325 2089 alterum,
1371 2037 1483 2091 quod
1522 2038 1566 2078 in

222 2094 409 2136 anticam
442 2098 610 2150 partem
643 2111 668 2137 a
700 2096 976 2137 conversione
1008 2095 1197 2138 eiusdem
1230 2098 1273 2136 et
1299 2095 1452 2137 similis
1478 2095 1565 2150 pel-

221 2153 392 2194 leretur.
447 2154 642 2209 Quinque
674 2157 819 2196 autem
851 2154 1026 2208 reliquis
1059 2154 1249 2195 motibus
1283 2154 1437 2195 orbum
1469 2169 1565 2195 eum
1586 2165 1617 2189 55

220 2211 359 2253 voluit
391 2226 483 2253 esse
516 2215 559 2254 et
591 2215 826 2267 expertem,
864 2212 1130 2254 immobilem
1163 2215 1206 2253 et
1239 2214 1438 2253 stantem.
1499 2211 1565 2253 Ex

222 2284 304 2324 quo
339 2284 493 2325 genere
526 2285 575 2312 ea
607 2274 707 2312 sunt
740 2271 892 2325 sidera,
924 2285 1031 2326 quae
1063 2271 1194 2312 infixa
1220 2271 1339 2312 caelo
1365 2285 1451 2313 non
1479 2285 1565 2312 mo-
