1663 2490
491 89 590 123 CAP.
619 93 721 125 7—9.
773 92 792 131 ξ
819 93 967 123 24—30.
1319 92 1397 130 141

60 198 173 239 enim
206 199 298 253 erat
330 197 448 237 locus
481 196 591 237 alter
624 197 674 238 de
706 197 823 238 vitiis
862 196 1130 252 senectutis),
1167 210 1253 238 non
1290 197 1401 250 plus,

29 308 31 311 ι
60 270 187 310 quam
203 253 451 297 adulescens
471 254 585 296 tauri
605 257 680 296 aut
700 255 919 310 elephanti
939 254 1246 296 desiderabam.
1278 253 1400 302 Quod

59 317 137 368 est,
168 328 217 355 eo
250 313 370 354 decet
401 313 464 354 uti
495 315 550 367 et,
583 314 783 368 quicquid
815 328 932 370 agas,
963 327 1089 368 agere
1120 328 1199 368 pro
1226 313 1400 355 viribus.

59 371 176 421 Quae
208 373 320 413 enim
351 386 433 413 vox
465 374 610 427 potest
643 387 734 414 esse
764 373 1050 427 contemptior
1076 387 1204 427 quam
1226 372 1400 414 Milonis

25 443 40 468 ⁵
60 430 364 473 Crotoniatae?
398 430 469 484 qui
501 445 597 472 cum
629 431 715 472 iam
749 446 874 473 senex
907 434 1021 472 esset
1052 431 1325 485 athletasque
1356 445 1400 473 se

59 492 302 532 exercentes
333 490 377 531 in
403 489 613 531 curriculo
640 490 814 543 videret,
847 490 1062 545 aspexisse
1089 491 1273 531 lacertos
1301 504 1400 531 suos

59 548 214 590 dicitur
232 548 594 603 inlacrimansque
615 548 788 589 dixisse:
815 549 901 590 ‘At
920 549 971 590 hi
993 549 1191 603 quidem
1212 549 1402 590 mortui

57 608 155 649 iam
182 607 325 649 sunt?
369 605 468 648 Non
494 622 595 648 vero
622 610 711 649 tam
738 608 812 649 isti
839 623 967 662 quam
993 611 1041 650 tu
1065 608 1170 663 ipse,
1196 609 1400 663 nugator!

57 680 194 720 neque
220 666 332 707 enim
359 680 408 707 ex
434 668 477 707 te
508 681 712 721 umquam
745 681 788 708 es
820 667 1089 720 nobilitatus,
1120 666 1195 708 sed
1220 681 1271 708 ex
1297 667 1401 708 late-

9 725 177 766 mribus
216 727 259 766 et
295 724 468 766 lacertis
507 725 605 766 tuis.
666 724 788 766 Nihil
827 724 919 766 Sex.
958 725 1108 767 Aelius
1146 725 1252 779 tale,
1291 725 1400 766 nihil

59 784 208 825 multis
235 783 357 824 annis
384 786 482 825 ante
508 783 570 825 Ti.
591 782 896 837 Coruncanius,
923 784 1033 825 nihil
1060 784 1186 826 modo
1213 783 1259 825 P.
1279 782 1401 826 Cras-

60 857 148 895 sus,
187 857 212 884 a
243 842 397 897 quibus
430 843 523 883 iura
555 843 718 884 civibus
756 843 1178 898 praescribebantur,
1220 857 1401 897 quorum

58 916 192 956 usque
225 901 278 942 ad
310 904 547 943 extremum
580 902 780 957 spiritum
818 904 884 943 est
921 904 1124 956 provecta
1160 902 1401 957 prudentia.

60 960 216 1002 Orator
236 962 380 1001 metuo
400 975 452 1002 ne
478 961 732 1015 languescat
757 963 992 1014 senectute3
1019 963 1083 1001 est
1109 960 1222 1002 enim
1248 975 1402 1002 munus
1430 976 1437 984 ·

9 1031 40 1057 15
61 1019 150 1060 eius
181 1033 268 1060 non
299 1018 461 1073 ingenii
493 1019 646 1073 solum,
679 1018 752 1060 sed
784 1019 966 1060 laterum
1001 1019 1133 1060 etiam
1165 1022 1208 1060 et
1232 1019 1401 1061 virium.

60 1078 243 1119 Omnino
275 1092 478 1119 canorum
510 1077 618 1118 illud
648 1077 693 1119 in
727 1091 829 1119 voce
869 1077 1128 1132 splendescit
1165 1077 1296 1119 etiam
1333 1093 1401 1120 ne-

60 1137 147 1178 scio
192 1150 275 1191 quo
322 1138 449 1191 pacto
492 1136 537 1177 in
581 1138 820 1191 senectute,
870 1136 984 1191 quod
1030 1136 1226 1191 equidem
1265 1136 1402 1179 adhuc

58 1209 144 1237 non
177 1194 319 1248 amisi,
364 1197 406 1236 et
442 1194 597 1236 videtis
635 1209 789 1249 annos3
827 1195 900 1236 sed
938 1198 1085 1236 tamen
1125 1198 1192 1237 est
1224 1195 1401 1238 decorus

61 1254 173 1296 sem's
205 1268 345 1295 sermo
372 1254 541 1308 quietus
567 1257 610 1295 et
641 1254 864 1306 remissus,
894 1253 1084 1308 facitque
1122 1269 1198 1309 per
1231 1269 1275 1296 se
1307 1255 1402 1310 ipsa

0 1327 42 1352 ιω
62 1313 144 1355 sibi
175 1312 438 1354 audientiam
475 1312 625 1354 diserti
658 1312 771 1354 senis
809 1316 983 1368 compta
1024 1316 1067 1354 et
1098 1313 1217 1354 mitis
1251 1314 1401 1355 oratio.

60 1371 197 1421 Quam
230 1371 266 1413 si
296 1371 388 1426 ipse
420 1371 570 1426 exequi
606 1386 813 1426 nequeas,
851 1372 991 1427 possis
1030 1375 1176 1414 tamen
1214 1371 1402 1427 Scipioni

60 1431 304 1486 praecipere
336 1433 380 1472 et
410 1430 569 1472 Laelio.
626 1429 735 1479 Quid
767 1430 879 1472 enim
913 1434 979 1472 est
1009 1431 1232 1473 iucundius
1265 1445 1403 1473 senec—

60 1492 153 1531 tute
192 1489 354 1544 stipata
396 1489 548 1531 studiis
592 1489 857 1531 iuventutis?
903 1490 972 1531 An
1009 1505 1061 1531 ne
1098 1490 1197 1531 illas
1231 1490 1403 1545 quidem

60 1549 172 1590 vires
212 1548 422 1590 senectuti
459 1548 767 1602 relinquemus,
809 1551 859 1590 ut
902 1548 1196 1591 adulescentes
1241 1549 1403 1601 doceat,

10 1620 43 1646 τε
61 1607 274 1660 instituat,
307 1607 359 1648 ad
387 1621 510 1648 omne
537 1606 667 1648 officii
692 1621 846 1649 munus
872 1607 1089 1649 instruat?
1123 1622 1206 1662 quo
1234 1608 1403 1662 quidem

62 1680 189 1722 opere
223 1665 324 1720 quid
355 1669 499 1720 potest
531 1680 622 1707 esse
655 1666 946 1721 praeclarius?
995 1666 1103 1708 Mihi
1132 1681 1233 1709 vero
1260 1670 1303 1708 et
1329 1666 1403 1708 Cn¹

63 1728 106 1767 et
131 1724 176 1766 P.
196 1723 415 1780 Scipiones
442 1728 485 1765 et
516 1725 585 1766 avi
616 1725 679 1766 tui
711 1725 807 1779 duo,
838 1725 883 1766 L.
907 1724 1119 1767 Aemilius
1146 1728 1199 1767 et.
1226 1724 1271 1767 P.
1292 1725 1404 1767 Afri-

62 1798 211 1837 canus,
248 1783 456 1825 comitatu
487 1783 699 1825 nobilium
730 1784 931 1825 iuvenum
962 1783 1174 1826 fortunati
1204 1784 1404 1826 videban-

62 1845 151 1897 tur,
180 1857 258 1884 nec
289 1842 369 1883 ulli
400 1842 612 1884 bonarum
644 1842 803 1884 artium
835 1843 1033 1898 magistri
1064 1857 1151 1885 non
1182 1843 1299 1885 beati
1330 1858 1404 1898 pu-

13 1913 47 1940 so
62 1901 194 1955 tandi,
214 1901 411 1956 quamvis
431 1901 731 1943 consenuerint
749 1901 862 1943 vires
884 1905 1012 1956 atque
1032 1902 1274 1944 defecerint.
1307 1901 1404 1944 Etsi

62 1961 158 2016 ipsa
191 1960 278 2002 ista
315 1959 497 2002 defectio
529 1960 685 2002 virium
724 1960 1038 2003 adulescentiae
1069 1961 1188 2003 vitiis
1221 1961 1404 2003 efficitur

65 2019 233 2075 saepius
278 2033 407 2074 quam
451 2019 700 2072 senectutis3
743 2019 974 2062 libidinosa
1017 2020 1131 2062 enim
1175 2022 1219 2062 et
1254 2020 1404 2062 intem-

63 2093 217 2134 perans
262 2077 551 2120 adulescentia
595 2078 769 2120 effetum
811 2093 965 2134 corpus
1007 2078 1143 2121 tradit
1183 2079 1403 2121 senectuti.

64 2135 200 2191 Cyrus
233 2136 403 2191 quidem
434 2137 547 2192 apud
577 2136 908 2192 Xenophontem
939 2151 989 2180 eo
1022 2152 1236 2193 sermone,
1278 2153 1404 2193 quem

16 2206 46 2233 κ
64 2196 252 2238 moriens
282 2195 453 2248 habuit,
484 2210 580 2238 cum
613 2195 841 2238 admodum
874 2211 1000 2238 senex
1032 2199 1164 2251 esset,
1193 2200 1328 2252 negat
1359 2211 1405 2238 se

0 2276 1 2290 κ
63 2269 267 2309 umquam
299 2254 482 2296 sensisse
515 2257 777 2297 senectutem
809 2269 932 2297 suam
962 2255 1289 2298 imbecilliorem
1320 2255 1404 2298 fae-

64 2315 173 2366 tam,
215 2327 344 2368 quam
387 2313 677 2356 adulescentia
718 2313 884 2356 fuisset.
951 2313 1046 2370 Ego
1090 2314 1138 2357 L.
1180 2314 1404 2357 Metellum

1432 1499 1471 1530 529

1432 2148 1472 2180 30
