1673 2505
410 50 708 87 ORATIONUM.
735 52 777 87 A.
804 50 870 85 XV
897 50 1017 86 9-13.
1048 55 1076 85 1.
1328 51 1414 92 285

73 159 143 203 Sic
163 159 292 212 petivi
316 172 344 200 a
367 158 579 209 iudicibus,
609 162 667 209 ut,
696 159 889 212 quoniam
920 158 1089 211 quidam
1113 158 1263 199 nobiles
1288 158 1413 199 homi-

72 231 143 260 nes
178 221 216 259 et
250 218 298 259 de
339 231 401 259 me
443 218 589 270 optime
631 218 766 258 meriti
808 217 934 258 nimis
975 220 1163 258 amarent
1202 217 1414 258 inimicum

71 289 205 318 meum
240 289 378 328 meque
412 277 658 328 inspectante
691 289 806 328 saepe
835 289 926 317 eum
957 276 1002 316 in
1039 278 1181 316 senatu
1213 275 1329 316 modo
1359 288 1415 317 se-

71 347 159 376 vere
187 335 424 387 seducerent,
454 336 571 376 modo
600 335 868 386 familiariter
899 337 1018 387 atque
1046 333 1178 375 liilare
1208 333 1414 386 amplexa-

36 407 53 432 5
73 396 232 446 rentur,
267 394 536 446 quoniamque
566 393 631 434 illi
660 393 850 434 baberent
878 406 998 435 suum
1028 392 1240 444 Publium,
1272 393 1416 433 darent

71 451 174 493 mihi
204 452 285 504 ipsi
315 452 446 493 alium
472 452 678 501 Publium,
708 453 751 492 in
785 465 862 504 quo
878 465 1039 504 possem
1063 452 1229 492 illorum
1254 452 1415 492 animos

71 511 325 552 mediocriter
356 511 562 552 lacessitus
594 510 727 551 leviter
758 524 986 563 repunyere.

160 569 197 610 2.
229 568 359 610 Schol.
386 568 487 610 Bob.
518 570 564 610 in
591 569 724 610 Vatin.
752 573 787 609 b'.
814 572 867 610 14
888 583 929 621 p.
955 572 1048 610 317.
1075 572 1128 610 10
1159 568 1251 610 Hoc
1280 569 1414 621 ipsum

71 627 150 681 (‘te
174 627 475 681 Pytliayoreum
504 628 605 669 soles
635 627 798 680 dicerc’)
816 628 1051 680 plenissime
1076 628 1273 680 purqavit
1298 630 1416 680 atquc

0 698 52 742 ἶιο
70 686 246 739 defendit
275 690 313 727 et
340 700 422 728 non
453 687 540 728 sine
565 687 683 728 laude
700 687 877 739 protulit
906 687 951 727 in
981 700 1028 727 ea
1059 687 1259 737 oratione,
1290 699 1415 739 quam

63 759 143 799 pro
175 746 261 798 ipso
301 745 464 787 Vatinio
495 745 662 787 scribere
692 746 904 798 adqressus
934 748 1001 786 est.

160 804 199 845 3.
224 803 395 845 Hieron.
421 804 525 857 apol.
553 804 641 846 adv.
662 803 802 856 Ruftn.
822 803 910 845 III
929 807 983 845 39
1006 803 1051 844 Τ.
1071 803 1131 844 ΙΙ
1143 818 1187 856 p.
1208 802 1412 855 565Bsq.

78 863 253 904 Vallars.
314 863 418 916 Leye
447 876 526 915 pro
571 862 735 904 Vatinio
773 862 1075 904 oratiunculam
1112 866 1149 903 et
1183 862 1308 915 alias,
1345 862 1415 903 ubi

70 922 358 964 sodaliciorum
389 922 536 963 mentio
567 922 625 974 fit.

19 992 52 1018 15
159 981 198 1022 4.
218 980 327 1022 Plus
351 994 474 1033 quam
499 981 617 1022 semel
641 995 669 1021 a
689 979 810 1022 Calvo
835 983 1068 1022 accusatum
1094 993 1174 1021 esse
1201 979 1414 1021 Vatinium

70 1043 235 1092 constat,
267 1040 327 1081 bis
351 1039 557 1091 defensum
581 1053 608 1080 a
634 1039 820 1081 Cicerone
843 1052 962 1091 unus,
993 1039 1101 1091 quod
1123 1039 1261 1087 sciam,
1297 1041 1414 1079 testa-

71 1101 138 1140 tur
170 1098 258 1140 Val.
289 1098 408 1139 Max.
440 1098 516 1139 IV
534 1101 575 1139 2.
601 1101 650 1138 4:
682 1097 859 1151 (Cicero)
890 1097 938 1138 P.
979 1098 1190 1138 Vatinium
1222 1097 1415 1150 diynitati

69 1170 167 1199 suae
197 1157 389 1209 infestum
421 1157 574 1198 duobus
597 1156 774 1209 publicis
804 1157 970 1198 iudiciis
1003 1159 1157 1197 tutatus
1188 1159 1254 1198 est.

219 1360 344 1398 XVII.
389 1358 488 1398 PRO
518 1358 986 1398 NEGOTIATORIBUS
1019 1358 1262 1397 ACHAEIS.

19 1462 52 1490 ιο
160 1451 268 1493 Non.
293 1453 392 1493 225.
418 1453 473 1493 12
503 1450 766 1504 Synyraplias
795 1450 994 1501 feminino
1022 1463 1163 1504 qenere
1188 1449 1250 1491 M.
1278 1449 1414 1491 Tullio

71 1513 231 1552 auctore
260 1511 431 1551 dicimus
451 1523 528 1562 pro
553 1509 867 1562 neyotiatoribus
892 1509 1088 1551 Achaeis:
1121 1507 1414 1564 Syngraphas,

73 1583 177 1625 quas
209 1571 359 1611 nostra
392 1569 616 1610 voluntate
648 1568 990 1623 conscripsimus.

109 1874 156 1917 B.
197 1873 586 1917 INCERTARUM
619 1872 968 1916 ORATIONUM
998 1872 1374 1915 FRAGMENTA.

163 1982 199 2023 1.
231 1980 361 2023 Rutil.
393 1981 497 2034 Dup.
528 1981 562 2022 I
586 1984 613 2023 3
639 1994 682 2034 p.
714 1983 753 2022 4.
784 1983 844 2022 27
874 1979 1018 2022 Halm.
1080 1982 1413 2034 Παρονομασιά.

37 2051 52 2077 5
72 2039 162 2082 Hoc
192 2043 267 2081 aut
295 2041 482 2082 addenda
512 2043 586 2081 aut
615 2040 807 2082 demenda
845 2043 918 2081 aut
953 2040 1153 2081 mutanda
1182 2042 1257 2081 aut
1278 2040 1411 2092 porri-

67 2099 199 2152 9enda
229 2102 303 2140 aut
332 2098 604 2141 contrahenda
634 2099 768 2140 littera
799 2101 873 2139 aut
901 2098 1057 2151 syllaba
1087 2099 1178 2151 fieri
1203 2099 1413 2140 consuevit.

23 2195 27 2199 .
70 2157 126 2199 Id
160 2161 218 2200 est
252 2157 375 2200 liuius
410 2159 541 2199 modi:
583 2181 632 2187 -—
667 2158 794 2199 Item:
834 2157 895 2197 At
931 2157 1058 2198 huius
1091 2157 1413 2199 sceleratissimi

71 2230 217 2271 opera,
263 2217 335 2271 qui
374 2216 458 2258 fuit
497 2217 614 2258 loeus
654 2216 1006 2272 religiosissimus
1038 2249 1046 2257 .
1081 2249 1087 2255 .
1122 2249 1129 2256 .
1164 2250 1171 2257 .
1209 2217 1413 2257 nimirum

71 2276 272 2329 quoniam
298 2276 505 2317 traditam
532 2276 615 2317 sibi
640 2275 909 2331 publicorum
933 2275 1172 2317 custodiam
1193 2290 1412 2317 sacrorum
