1663 2490
162 69 244 110 166
562 67 764 103 LAELIUS
789 67 852 102 DE
878 68 1096 104 AMICITIA

92 186 131 217 11
158 175 299 231 ipsum
331 176 517 217 amantis
550 179 628 217 est.
676 175 785 218 Cum
815 176 892 217 illo
924 190 1025 217 vero
1058 176 1152 231 quis
1190 180 1320 232 neget
1352 179 1497 219 actum

158 249 251 276 esse
281 235 526 290 praeclare?
558 234 656 276 Nisi
693 234 818 288 enim,
849 234 961 288 quod
991 234 1065 276 ille
1096 235 1270 276 minime
1301 236 1497 290 putabat,

158 294 517 335 inmortalitatem
559 296 709 347 optare
746 293 895 347 vellet,
939 293 1040 347 quid
1076 308 1163 335 non
1201 294 1380 348 adeptus
1420 297 1497 348 est,

159 352 272 407 quod
314 352 477 394 homini
520 352 585 393 fas
632 353 745 393 esset
788 352 968 406 optare?
1019 351 1091 406 qui
1133 367 1343 394 summam
1377 367 1496 407 spem

159 410 331 465 civium,
376 426 505 464 quam
537 410 586 451 de
619 425 668 451 eo
700 410 787 451 iam
824 424 956 464 puero
992 410 1250 462 habuerant,
1291 412 1493 453 continuo
1531 423 1547 448 ⁵

159 469 405 511 adulescens
426 468 666 510 incredibili
686 469 845 510 virtute
870 469 1101 524 superavit,
1128 469 1200 524 qui
1225 471 1497 512 consulatum

158 528 313 583 petivit
343 542 590 581 numquam,
620 527 761 569 factus
794 528 943 570 consul
975 530 1041 569 est
1070 528 1150 582 bis,
1180 529 1368 583 primum
1397 532 1497 571 ante

158 590 347 642 tempus,
378 587 536 628 iterum
569 586 652 628 sibi
684 601 761 628 suo
793 589 1006 642 tempore,
1042 587 1104 628 rei
1134 587 1335 654 publicae
1362 602 1496 643 paene

159 659 271 699 sero,
315 645 388 699 qui
426 645 590 687 duabus
634 645 813 687 urbibus
858 645 1016 687 eversis
1053 645 1360 688 inimicissimis
1398 647 1497 688 huic

157 703 338 758 imperio
364 718 451 746 non
470 704 597 746 modo
617 704 873 759 praesentia,
898 718 1046 746 verum
1067 704 1197 745 etiam
1216 704 1363 746 futura
1381 705 1498 747 bella
1519 717 1551 741 1⁰

159 763 328 804 delevit.
379 761 490 811 Quid
522 763 660 804 dicam
694 764 743 804 de
775 763 966 804 moribus
996 762 1228 817 facillimis,
1260 763 1310 805 de
1335 764 1498 819 pietate

157 821 203 863 in
233 824 435 876 matrem,
473 821 736 863 liberalitate
774 822 819 863 in
851 835 1036 876 sorores,
1075 822 1271 864 bonitate
1309 822 1354 863 in
1386 837 1498 877 suos,

157 880 325 922 iustitia
355 880 401 922 in
433 881 610 922 omnes?
640 883 746 923 nota
778 883 878 922 sunt
902 881 1037 922 vobis.
1100 879 1237 929 Quam
1269 884 1413 923 autem
1445 881 1498 924 ci-

158 940 285 981 vitati
308 954 430 982 carus
455 939 600 990 fuerit,
628 954 821 982 maerore
841 939 1004 981 funeris
1023 939 1259 982 indicatum
1279 943 1356 982 est.
1388 939 1498 989 Quid

157 998 292 1054 igitur
332 999 445 1041 hunc
481 1013 716 1054 paucorum
761 1013 969 1040 annorum
1007 999 1192 1041 accessio
1235 999 1382 1041 iuvare
1425 1014 1498 1054 po·
1519 1010 1551 1035 15

158 1058 342 1099 tuisset‘?
393 1056 597 1100 Senectus
639 1058 751 1099 enim
796 1058 990 1112 quamvis
1027 1072 1115 1099 non
1147 1058 1204 1099 sit
1242 1058 1406 1114 gravis,
1449 1060 1498 1099 ut

158 1117 333 1158 memini
353 1115 562 1159 Catonem
582 1131 694 1158 anno
722 1119 832 1171 ante,
865 1131 993 1171 quam
1013 1119 1079 1158 est
1098 1119 1306 1171 mortuus,
1330 1131 1497 1159 mecum

159 1178 201 1217 et
233 1191 328 1218 cum
361 1174 559 1231 Scipione
592 1176 811 1229 disserere,
841 1177 987 1216 tamen
1020 1175 1161 1217 aufert
1186 1190 1281 1217 eam
1307 1175 1497 1218 viridita-

91 1245 131 1275 12
158 1238 266 1289 tem,
304 1235 347 1275 in
380 1250 464 1289 qua
496 1235 627 1276 etiam
658 1249 769 1276 1111110
801 1237 895 1276 erat
925 1233 1079 1289 Scipio.
1141 1233 1278 1282 Quam
1310 1235 1365 1276 ob
1406 1249 1497 1276 rem

156 1294 248 1336 vita
279 1293 450 1348 quidem
481 1294 583 1335 talis
615 1293 698 1335 fuit
729 1294 797 1335 vel
828 1292 1003 1334 fortuna
1033 1293 1101 1334 vel
1135 1293 1288 1349 gloria,
1313 1296 1362 1334 ut
1386 1293 1495 1334 nihil
1517 1304 1550 1328 20

156 1355 304 1408 posset
336 1352 545 1407 accedere,
577 1352 786 1394 moriendi
817 1355 961 1393 autem
993 1366 1165 1393 sensum
1196 1352 1393 1394 celeritas
1427 1352 1497 1394 ab·

157 1412 299 1465 stulit3
343 1425 426 1466 quo
460 1411 510 1453 de
543 1425 697 1467 genere
729 1411 882 1452 mortis
914 1410 1087 1453 difficile
1114 1410 1230 1452 dictu
1269 1413 1351 1466 est,
1396 1411 1496 1466 quid

155 1470 351 1513 homines
396 1470 684 1525 suspicentur,
726 1469 899 1524 videtis,
948 1469 1029 1511 hoc
1066 1484 1165 1511 vere
1206 1472 1353 1512 tamen
1396 1470 1497 1512 licet

157 1530 307 1583 dicere,
337 1528 383 1570 P.
416 1528 605 1584 Scipioni
637 1544 687 1571 ex
717 1528 866 1570 multis
900 1528 1065 1582 diebus,
1098 1542 1204 1583 quos
1235 1528 1282 1570 in
1311 1529 1403 1571 vita
1434 1543 1496 1571 ce-

156 1587 409 1630 leberrimos
447 1588 794 1643 laetissimosque
832 1587 1005 1641 viderit,
1042 1587 1166 1629 illum
1204 1587 1315 1629 diem
1351 1588 1495 1630 claris·
1515 1597 1548 1623 25

157 1648 313 1689 simum
348 1646 499 1702 fuisse,
542 1662 671 1702 quom
704 1649 855 1688 senatu
886 1646 1061 1688 dimisso
1091 1647 1265 1688 domum
1295 1646 1495 1689 reductus

157 1707 210 1749 ad
240 1720 465 1761 vesperum
498 1709 563 1748 est
601 1721 626 1748 a
665 1706 862 1761 patribus
900 1706 1177 1760 conscriptis,
1214 1706 1374 1761 populo
1413 1705 1495 1748 Ro-

157 1780 303 1820 mano,
336 1765 462 1807 sociis
494 1767 537 1806 et
567 1764 753 1819 Latinis,
789 1765 926 1820 pridie
964 1779 1093 1819 quam
1125 1765 1306 1806 excessit
1339 1779 1361 1806 e
1392 1765 1494 1816 vita,

156 1827 205 1866 ut
237 1839 286 1866 ex
316 1826 408 1865 tam
440 1824 530 1866 alto
563 1823 787 1880 dignitatis
826 1823 962 1879 gradu
999 1823 1052 1865 ad
1089 1837 1267 1878 superos
1298 1823 1494 1865 videatur

158 1884 257 1925 deos
290 1883 434 1938 potius
466 1898 594 1938 quam
627 1883 681 1924 ad
711 1882 873 1924 inferos
903 1882 1159 1938 pervenisse.
1514 1892 1548 1918 3⁰

90 1967 130 1998 13
244 1941 394 1995 Neque
427 1941 540 1983 enim
566 1942 785 1984 adsentior
809 1942 875 1995 iis,
907 1941 979 1996 qui
1004 1941 1109 1982 haec
1131 1955 1267 1995 nuper
1287 1940 1495 1983 disserere

157 2003 398 2056 coeperunt,
428 2015 523 2043 cum
543 2001 794 2056 corporibus
815 2000 942 2042 simul
969 2000 1135 2042 animos
1161 1999 1338 2041 interire
1365 2002 1494 2055 atque

158 2060 301 2102 omnia
332 2062 471 2101 morte
503 2060 652 2115 deleri3
683 2060 779 2114 plus
807 2059 919 2115 apud
950 2073 1018 2101 me
1051 2058 1326 2113 antiquorum
1353 2062 1495 2101 aucto-

156 2119 262 2161 ritas
293 2119 422 2172 valet,
453 2119 521 2160 vel
552 2121 801 2160 nostrorum
833 2118 1056 2172 maiorum,
1088 2117 1161 2172 qui
1192 2117 1374 2159 mortuis
1403 2120 1494 2159 tam

156 2177 361 2233 religiosa
391 2178 486 2219 iura
516 2178 771 2233 tribuerunt,
804 2177 917 2232 quod
948 2191 1033 2219 non
1058 2176 1262 2218 fecissent
1286 2176 1493 2231 profecto,
1514 2187 1546 2213 8⁵

157 2237 194 2279 si
223 2236 332 2278 nihil
364 2236 418 2278 ad
449 2251 521 2278 eos
550 2237 763 2291 pertinere
789 2236 1116 2289 arbitrarentur,
1142 2235 1210 2277 vel
1237 2250 1396 2290 eorum,
1422 2235 1494 2290 qui

155 2295 201 2337 in
224 2295 305 2338 hac
330 2298 446 2337 terra
470 2295 644 2338 fuerunt
669 2309 956 2350 magnamque
979 2293 1217 2349 Graeciam,
1249 2309 1357 2349 quae
1382 2308 1495 2336 nunc
