1673 2505
243 83 328 124 352
758 84 1057 120 FRAGMENTA

241 191 456 234 Platonem
484 191 679 241 Socrates,
710 205 800 233 eum
831 196 928 234 esset
957 194 1002 233 in
1033 195 1213 235 custodia
1235 194 1413 249 publiea,
1445 196 1579 238 dicens

242 249 412 300 Critoni,
436 264 508 292 suo
530 251 750 304 familiari,
774 251 853 292 sibi
869 254 965 303 post
988 253 1149 292 tertium
1174 253 1280 294 diem
1305 266 1386 295 esse
1406 255 1577 295 morien-

241 310 360 359 dum;
391 310 538 351 vidisse
560 322 601 350 se
625 310 671 350 in
694 310 846 350 somnis
862 309 1167 362 pulchritudine
1190 312 1342 353 eximia
1367 312 1579 367 feminam,

241 382 344 421 quae
378 382 418 410 se
453 368 616 409 nomine
651 368 861 420 appellans
897 369 1040 409 diceret
1074 368 1338 411 Homericum
1369 372 1579 423 ,quendam

242 428 329 468 eius
359 427 469 468 modi
498 439 679 467 versum:
1616 442 1632 468 5

303 484 450 526 Tertia
482 486 524 525 te
555 484 739 526 Phthiae
771 488 1007 540 tempestas
1040 486 1155 526 laeta
1185 486 1356 528 locabit.

333 544 369 584 6.
408 543 487 585 Cic.
527 544 642 585 Tusc.
679 543 767 584 III
798 548 835 585 9.
872 547 927 586 18
962 543 1107 597 (Hom.
1144 544 1447 600 IX'646sqq.)
1485 547 1581 588 Non

243 603 382 643 inscite
412 602 666 644 Heracleotes
695 601 922 655 Dionysius
951 604 1007 644 ad
1034 617 1081 644 ea
1111 604 1308 658 disputat,
1339 619 1441 657 quae
1471 607 1583 658 apud

244 661 472 702 Homerum
502 661 680 702 Achilles
709 662 892 713 queritur
921 661 1008 715 hoc,
1039 665 1084 702 ut
1114 664 1274 715 opinor,
1307 664 1444 704 modo:

304 718 472 773 Corque
503 734 644 760 meum
676 719 845 774 penitus
878 721 1087 775 turgescit
1118 720 1318 762 tristibus
1349 721 1444 775 iris,
1602 735 1634 760 ιο

304 776 411 819 Cum
439 778 587 820 decore
611 780 739 831 atque
766 778 882 819 omni
907 794 973 819 me
1000 779 1199 820 orbatum
1226 780 1350 821 laude
1370 780 1580 822 recordor.

334 838 370 878 7.
396 837 475 878 Cic.
504 837 620 879 Tusc.
645 835 731 878 III
750 839 820 879 27.
847 840 898 879 65
923 837 1067 890 (Hom.
1089 838 1209 879 XIX
1230 841 1319 880 :226
1330 839 1433 893 sqq.)
1457 839 1584 892 Apud

243 896 471 937 Homerum
507 896 733 938 cotidianae
768 909 878 938 neces
915 897 1177 949 interitusque
1212 898 1433 939 multorum
1469 899 1582 939 seda-

244 956 391 996 tionem
421 956 629 996 maerendi
659 955 868 1008 adferunt,
900 956 1013 1007 apud
1040 969 1155 1008 quem
1186 957 1246 996 ila
1276 957 1446 997 dicitur:

302 1012 499 1067 Namque
529 1013 656 1054 nimis
689 1013 849 1054 multos
882 1016 1009 1068 atque
1043 1014 1158 1054 omni
1190 1014 1282 1055 luce
1315 1015 1504 1056 cadentis
1603 1027 1634 1052 15

304 1071 544 1125 Cernimus,
576 1074 624 1113 ut
654 1086 779 1113 nemo
811 1072 950 1126 possit
982 1087 1173 1114 maerore
1206 1088 1369 1115 vacare.
1633 1123 1636 1126 Δ

303 1129 395 1178 Quo
425 1131 564 1186 magis
597 1133 663 1172 est
694 1146 875 1185 aequum
902 1131 1080 1172 tumulis
1106 1132 1309 1173 mandare
1336 1134 1581 1187 peremptos
1669 1149 1673 1174 ε

302 1189 447 1231 Firmo
481 1189 622 1230 animo
655 1192 698 1231 et
729 1190 890 1231 luctum
924 1190 1111 1231 lacrimis
1144 1190 1265 1231 finire
1299 1191 1472 1232 diurnis.

712 1293 747 1327 b.
786 1293 846 1327 EX
876 1292 1102 1328 ODYSSEA.

336 1368 369 1408 1.
402 1366 482 1409 Cic.
514 1367 560 1408 cle
589 1367 659 1419 fin.
693 1366 733 1407 V
751 1369 816 1408 18.
842 1369 898 1407 49
929 1365 1072 1419 (Hom.
1105 1366 1210 1407 XII
1235 1367 1480 1421 184—191)
1510 1366 1582 1408 Ita
1601 1379 1634 1404 20

245 1427 422 1467 invitant
438 1425 640 1478 (Sirenes)
667 1424 827 1466 Ulixem
846 1425 963 1477 (nam
983 1426 1092 1475 verti,
1117 1428 1164 1465 ut
1181 1426 1379 1477 quaedam
1398 1425 1582 1480 Homeri,

243 1486 300 1526 sic
330 1485 453 1526 istum
485 1485 619 1537 ipsum
652 1483 822 1536 locum).-

305 1542 338 1584 Ο
372 1543 497 1584 decus
531 1542 800 1598 Argolicum,
833 1542 934 1596 quin
965 1542 1144 1597 puppim
1175 1542 1329 1595 flectis,
1360 1541 1528 1596 Ulixes,

304 1602 494 1643 Auribus
526 1604 575 1643 ut
605 1603 778 1642 nostros
810 1601 949 1656 possis
983 1615 1213 1655 agnoscere
1245 1602 1414 1642 cantus!

303 1659 416 1702 Nam
431 1675 555 1702 nemo
569 1660 674 1701 haec
687 1674 891 1713 umquam
906 1662 971 1701 est
982 1661 1251 1702 transvectus
1264 1659 1434 1701 caerula
1445 1674 1581 1715 cursu,
1601 1672 1641 1698 25,

305 1718 415 1768 Quin
447 1719 565 1774 prius
598 1718 814 1760 adstiterit
845 1733 997 1760 vocum
1030 1718 1249 1759 dulcedine
1282 1721 1449 1773 captus,

304 1778 409 1819 Post
441 1778 572 1819 variis
605 1777 728 1819 avido
762 1777 943 1818 satiatus
975 1780 1146 1832 pectore
1178 1777 1311 1819 musis

306 1836 484 1878 Doctior
516 1837 569 1878 ad
600 1837 763 1891 patrias
796 1837 942 1890 lapsus
975 1836 1217 1891 pervenerit
1250 1850 1359 1877 oras.

304 1895 395 1938 Nos
430 1910 559 1951 grave
592 1898 807 1937 certamen
838 1895 942 1936 belli
974 1895 1222 1949 clademque
1253 1898 1464 1946 tenemus,

306 1953 483 1996 Graecia
517 1970 645 2009 quam
678 1954 829 1995 Troiae
862 1954 1005 1995 divino
1037 1954 1209 1995 numine
1240 1953 1372 2007 vexit,
1601 1965 1639 1991 30*

306 2013 542 2068 Omniaque
576 2029 596 2055 e
629 2013 730 2054 latis
762 2028 905 2054 rerum
937 2013 1121 2069 vestigia
1151 2012 1290 2053 terris.
1635 2049 1638 2053 ,
1665 2031 1668 2040 κ

335 2073 371 2113 2.
412 2073 490 2114 Cic.
528 2074 576 2115 de
609 2074 696 2124 fato
731 2073 809 2125 fry.
840 2076 867 2114 3
903 2086 968 2125 ap.
998 2072 1170 2126 Aityust.
1208 2073 1254 2113 de
1287 2072 1357 2112 civ.
1390 2072 1453 2113 dei
1492 2071 1532 2112 V
1555 2074 1583 2113 8
1638 2088 1639 2091 “

245 2131 389 2183 (Hom.
415 2130 585 2173 XVIII
608 2135 689 2173 136
701 2132 777 2184 sq.)
804 2131 880 2172 Illi
910 2145 1061 2184 quoque
1090 2144 1227 2172 versus
1251 2130 1462 2173 Homerici
1490 2130 1583 2171 huic

247 2191 462 2232 sentcntiae
496 2190 798 2243 suffrayantur,
835 2204 932 2243 quos
964 2190 1098 2232 Cicero
1135 2190 1181 2231 in
1211 2190 1410 2231 Latinum
1446 2190 1582 2230 vortit:

305 2248 431 2290 Tales
464 2252 563 2290 sunt
594 2249 817 2290 hominum
848 2251 1031 2302 mentes,
1065 2248 1181 2303 quali
1213 2250 1337 2303 pater
1367 2247 1459 2302 ipse
1600 2256 1630 2284 35

305 2307 499 2363 Iuppiter
531 2308 759 2349 auctiferas
792 2307 996 2349 lustravit
1027 2307 1187 2348 lumine
1219 2310 1370 2348 terras.
