1663 2490
0 2353 4 2379 l

422 110 511 146 LIB.
538 110 564 145 Ι.
611 109 710 145 CAP.
740 113 889 146 18—20.
938 114 958 152 ς
984 113 1134 146 60-66.
1392 110 1448 150 23

109 219 167 261 ad
198 218 502 274 periculum,
534 217 576 259 si
609 232 698 259 sua
728 217 1034 272 cupiditate,
1071 231 1169 258 non
1207 217 1447 258 utilitate

108 278 362 319 communi
405 276 700 332 inpellitur,
750 276 993 318 audaciae
1042 275 1218 330 potius
1267 290 1448 317 nomen

107 336 296 378 habeat
329 350 475 390 quam
506 334 867 376 fortitudinis.'
912 334 1064 388 Itaque
1091 334 1207 376 viros
1238 333 1373 376 fortes
1406 337 1449 375 et

108 394 408 450 magnanimos
436 393 608 436 eosdem
634 394 770 435 bonos
799 397 840 435 et
867 394 1101 448 simplices,
1122 393 1319 435 veritatis
1346 393 1447 434 ami-

72 466 179 496 5cos
211 453 469 508 minimeque
506 452 684 495 fallaces
724 467 816 494 esse
854 453 1071 506 volumus3
1114 466 1223 506 quae
1261 454 1362 494 sunt
1399 466 1448 493 ex

107 512 247 554 media
284 512 408 553 laude
447 511 651 553 iustitiae.
713 509 794 552 Sed
832 511 939 553 illud
978 511 1173 553 odiosum
1205 513 1291 565 est,
1335 510 1449 566 quod

107 572 152 613 in
182 571 263 613 hac
296 571 482 613 elatione
515 573 558 612 et
590 570 886 626 magnitudine
919 570 1051 612 animi
1081 569 1288 612 facillime
1319 570 1448 626 perti-

106 630 231 672 nacia
269 632 313 671 et
348 630 483 671 nimia
520 630 732 684 cupiditas
773 630 1039 684 principatus
1077 629 1327 670 innascitur.
1388 627 1449 671 Ut

108 689 222 731 enim
254 689 366 743 apud
391 688 618 730 Platonem
651 692 734 741 est,
766 703 957 730 omnem
991 703 1178 729 morem
1198 687 1449 730 Lacedae-

57 761 88 786 ιο
108 748 390 790 moniorum
433 747 812 789 inflammatum
858 762 966 788 esse
1011 747 1299 802 cupiditate
1343 747 1448 788 vin-

108 806 271 860 cendi,
315 807 393 860 sic,
436 810 485 848 ut
523 806 702 861 quisque
742 806 872 847 animi
910 805 1206 862 magnitudine
1251 820 1449 847 maxume

109 866 307 920 excellet,
333 866 398 907 ita
422 880 619 907 maxume
651 866 746 907 vult
770 865 967 920 princeps
995 864 1185 906 omnium
1211 865 1278 906 vel
1305 865 1449 920 potius

109 925 226 966 solus
259 938 362 966 esse.
424 924 612 966 Difficile
644 927 788 966 autem
822 927 904 977 est,
937 938 1032 965 cum
1063 926 1284 978 praestare
1318 925 1449 965 omni-

107 984 187 1025 bus
219 983 501 1038 concupieris,
528 997 698 1024 servare
725 983 1005 1036 aequitatem,
1031 997 1139 1037 quae
1166 985 1231 1023 est
1257 983 1448 1024 iustitiae

57 1054 88 1079 15
108 1056 304 1083 maxume
335 1042 523 1097 propria.
578 1041 643 1083 Ex
676 1056 759 1095 quo
791 1042 857 1095 fit,
888 1044 937 1082 ut
968 1055 1104 1095 neque
1137 1041 1449 1096 disceptatione

107 1101 220 1143 vinci
259 1115 302 1142 se
340 1115 417 1142 nec
454 1101 545 1142 ullo
578 1100 750 1156 publico
784 1115 831 1142 ac
862 1100 1060 1155 legitimo
1092 1101 1183 1141 iure
1215 1100 1450 1155 patiantur,

109 1161 382 1214 existuntque
430 1159 475 1201 in
518 1174 563 1201 re
607 1159 781 1214 publiea
824 1159 1075 1214 plerumque
1126 1159 1357 1214 largitores
1408 1162 1451 1201 et

106 1219 295 1272 factiosi,
327 1221 376 1260 ut
407 1233 510 1274 opes
543 1233 671 1272 quam
698 1232 920 1260 maxumas
947 1222 1264 1272 consequantur
1296 1221 1339 1259 et
1365 1219 1452 1259 sint

108 1278 151 1320 vi
191 1278 335 1333 potius
378 1278 618 1333 superiores
661 1292 790 1331 quam
831 1277 998 1318 iustitia
1038 1292 1175 1331 pares.
1247 1275 1330 1318 Sed
1367 1292 1451 1332 quo

56 1349 89 1374 20
110 1336 345 1391 difficilius,
375 1336 457 1378 hoc
488 1337 770 1391 praeolarius3
812 1337 980 1377 nullum
1019 1336 1132 1377 enim
1171 1338 1237 1378 est
1268 1339 1452 1391 tempus,

111 1396 224 1450 quod
254 1396 422 1437 iustitia
453 1410 605 1437 vacare
638 1395 802 1437 debeat.
850 1395 1002 1437 Fortes
1034 1395 1169 1451 igitur
1200 1398 1244 1436 et
1275 1410 1450 1451 magna-

108 1455 216 1496 nimi
247 1457 348 1496 sunt
384 1455 589 1509 habendi,
626 1469 713 1496 non
745 1454 817 1508 qui
847 1453 1029 1508 faciunt,
1068 1454 1141 1496 sed
1174 1454 1246 1508 qui
1277 1455 1452 1509 propul-

111 1517 209 1556 sant
239 1513 452 1555 iniuriam.
513 1513 628 1555 Vera
660 1516 803 1554 autem
843 1516 886 1554 et
918 1513 1089 1568 sapiens
1123 1513 1255 1555 animi
1288 1513 1452 1569 magni-

113 1573 217 1615 tudo
249 1573 479 1615 honestum
510 1573 636 1627 illud,
675 1572 787 1627 quod
825 1587 1022 1613 maxume
1059 1575 1215 1614 natura
1247 1572 1453 1627 sequitur,

60 1643 92 1669 25
111 1632 157 1673 in
187 1632 315 1674 factis
346 1632 555 1687 positum,
585 1645 673 1673 non
703 1631 747 1672 in
781 1631 920 1686 gloria
945 1631 1106 1673 iudicat
1130 1632 1452 1686 principemque

111 1705 155 1733 se
193 1705 285 1732 esse
323 1691 490 1732 mavult
538 1705 667 1744 quam
704 1689 857 1743 videri3
901 1690 1059 1731 etenim
1104 1690 1176 1745 qui
1221 1705 1271 1732 ex
1309 1704 1452 1732 errore

109 1750 334 1805 imperitae
381 1749 669 1791 multitudinis
713 1749 886 1803 pendet,
936 1748 1005 1790 hic
1047 1749 1092 1790 in
1136 1749 1305 1805 magnis
1348 1749 1452 1791 viris

109 1823 196 1851 non
233 1811 300 1850 est
335 1808 569 1850 habendus.
635 1807 858 1849 Facillime
897 1811 1041 1849 autem
1073 1807 1127 1849 ad
1163 1822 1232 1849 res
1269 1808 1452 1850 iniustas

109 1868 345 1923 inpellitur,
388 1870 437 1910 ut
485 1868 664 1923 quisque
709 1866 923 1909 altissimo
971 1866 1114 1908 animo
1160 1869 1243 1921 est,
1288 1867 1452 1923 gloriae

59 1938 91 1964 ³⁰
111 1927 365 1982 cupiditate3
421 1927 494 1981 qui
542 1927 661 1969 locus
710 1928 777 1967 est
819 1940 921 1967 sane
965 1926 1174 1980 lubricus,
1220 1926 1333 1980 quod
1382 1926 1453 1968 vix

109 1986 342 2040 invenitur,
387 1986 459 2040 qui
503 1985 726 2027 laboribus
770 1984 980 2040 susceptis
1030 1985 1317 2040 periculisque
1367 1985 1453 2027 adi-

109 2044 166 2086 tis
209 2059 297 2087 non
340 2045 462 2099 quasi
507 2044 744 2087 mercedem
788 2058 931 2085 rerum
974 2046 1195 2100 gestarum
1241 2044 1452 2086 desideret

112 2103 308 2159 gloriam.

199 2162 385 2204 Omnino
423 2162 551 2205 fortis
591 2162 759 2205 animus
804 2165 847 2204 et
891 2177 1074 2218 magnus
1118 2162 1283 2204 duabus
1324 2163 1452 2204 rebus

59 2231 92 2258 ³5
111 2221 294 2263 maxime
332 2222 530 2275 cernitur,
569 2237 749 2277 quarum
786 2236 872 2263 una
914 2222 961 2263 in
996 2236 1139 2263 rerum
1179 2224 1452 2263 externarum

114 2279 392 2335 despicientia
422 2281 616 2336 ponitur,
653 2295 749 2323 cum
780 2294 1034 2336 persuasum
1072 2284 1138 2323 est
1177 2280 1286 2322 nihil
1318 2280 1453 2322 homi·

110 2352 227 2393 nem,
256 2339 341 2381 nisi
372 2340 485 2395 quod
516 2340 746 2382 honestum
779 2339 1061 2394 decorumque
1100 2339 1177 2393 sit,
1215 2341 1289 2381 aut
1321 2339 1452 2381 admi-

1475 520 1520 552 64

1478 1403 1519 1437 65

1468 2148 1522 2190 20

1479 2201 1522 2232 66
