1663 2490
476 70 563 104 LIB.
591 70 618 104 1.
669 69 769 106 CAP.
798 75 835 114 1,
859 73 891 104 2.
941 73 961 112 s
988 74 1088 104 1—5.
1426 70 1453 112 3

118 178 290 220 lendum
321 180 388 219 est
419 177 643 232 aequabile
675 180 718 219 et
748 179 1034 232 temperatum
1067 177 1275 219 orationis
1308 191 1454 233 genus.

117 236 176 278 Et
212 236 255 278 id
294 235 463 291 quidem
500 236 660 277 nemini
698 235 820 277 video
854 234 1115 277 Graecorum
1154 235 1292 278 adhuc
1323 239 1455 278 cont1-

117 295 252 351 gisse,
289 298 338 337 ut
368 294 481 336 idem
512 298 694 349 utroque
724 295 770 336 in
802 308 956 350 genere
988 294 1232 336 elaboraret
1263 308 1455 349 sequere-

116 356 271 408 turque
304 356 347 395 et
377 353 486 394 illud
516 352 686 394 forense
713 353 877 395 dicendi
909 355 952 394 et
981 352 1063 394 hoc
1089 353 1281 407 quietum
1314 353 1454 408 dispu-

81 413 237 454 standi
275 426 427 468 genus,
464 412 548 453 nisi
586 412 699 453 forte
738 411 983 453 Demetrius
1020 411 1254 453 Phalereus
1292 412 1336 453 in
1373 412 1455 454 hoc

115 485 292 512 numero
325 471 475 512 haberi
506 473 669 526 potest,
701 470 945 525 disputator
977 470 1169 524 subtilis,
1206 473 1352 512 orator
1383 485 1456 526 pa·

115 545 210 571 rum
242 529 490 583 vehemens,
522 529 656 571 dulcis
688 532 850 583 tamen,
882 532 930 570 ut
955 528 1244 584 Theophrasti
1276 529 1456 584 discipu-

116 589 206 630 lum
231 588 371 643 possis
399 601 642 644 agnoscere.
692 587 784 629 Nos
811 590 954 629 autem
982 590 1189 642 quantum
1208 588 1253 629 in
1272 591 1455 642 utroque

115 646 444 702 profecerimus,
489 646 672 688 aliorum
711 646 769 687 sit
810 647 1030 700 iudicium,
1073 649 1303 701 utrumque
1340 650 1454 688 certe

0 729 1 755 3
65 717 97 742 ιο
117 705 252 747 secuti
284 719 442 747 sumus.
491 704 703 760 Equidem
736 708 778 747 et
796 704 1023 747 Platonem
1056 705 1285 759 existumo,
1317 706 1354 747 si
1386 720 1454 762 ge·
1481 717 1502 747 4

115 778 196 806 nus
233 763 404 806 forense
436 764 602 806 dicendi
638 767 827 806 tractare
864 764 1090 818 voluisset,
1128 764 1381 820 gravissime
1413 768 1456 806 et

116 822 412 878 copiosissime
444 824 636 877 potuisse
669 823 824 877 dicere,
857 826 900 864 et
919 823 1277 877 Demosthenem,
1305 824 1341 865 si
1365 823 1456 877 illa,

117 896 226 936 quae
253 896 277 923 a
296 881 477 923 Platone
504 881 727 936 didicerat,
758 882 969 923 tenuisset
1001 885 1044 923 et
1074 883 1354 936 pronuntiare
1385 897 1456 924 vo-

115 940 286 994 luisset,
313 943 464 981 ornate
490 940 793 995 splendideque
818 940 958 982 facere
984 941 1195 995 potuisse3
1223 941 1456 995 eodemque

65 1010 96 1036 15
116 999 244 1041 modo
282 998 332 1040 de
364 998 602 1040 Aristotele
640 1001 683 1040 et
713 998 903 1040 Isocrate
940 999 1100 1053 iudico,
1131 1014 1312 1054 quorum
1343 1002 1456 1041 uter-

115 1071 196 1112 que
229 1071 305 1099 suo
338 1057 479 1099 studio
512 1057 747 1098 delectatus
779 1058 1039 1112 contempsit
1071 1058 1267 1100 alterum.

204 1113 286 1157 Sed
329 1130 425 1158 cum
470 1116 720 1157 statuissem
764 1117 949 1158 scribere
994 1116 1048 1158 ad
1090 1119 1133 1158 te
1171 1117 1335 1171 aliquid
1375 1117 1456 1159 hoc
1483 1118 1510 1160 2

113 1177 326 1230 tempore,
363 1175 501 1216 multa
537 1175 737 1229 posthac,
769 1175 822 1216 ab
860 1189 909 1216 eo
948 1175 1079 1216 ordiri
1111 1176 1295 1217 maxime
1326 1177 1456 1230 volui,

115 1234 228 1288 quod
269 1236 312 1275 et
353 1234 487 1275 aetati
526 1236 625 1275 tuae
664 1236 777 1275 esset
815 1234 1085 1288 aptissimum
1125 1237 1168 1276 et
1206 1235 1455 1277 auctoritati

62 1304 95 1330 20
115 1306 246 1334 meae.
295 1291 409 1334 Nam
436 1307 531 1334 cum
558 1293 696 1334 multa
727 1293 814 1334 sint
844 1293 888 1334 in
920 1293 1197 1348 philosophia
1229 1296 1272 1335 et
1304 1294 1455 1350 gravia

115 1354 158 1393 et
188 1351 315 1393 utilia
348 1354 543 1393 accurate
574 1352 830 1406 copioseque
862 1366 887 1393 a
918 1352 1191 1407 philosophis
1223 1352 1455 1408 disputata,

114 1410 322 1452 latissime
354 1412 500 1465 patere
531 1410 730 1452 videntur
761 1425 828 1465 ea,
867 1425 974 1465 quae
1012 1410 1062 1452 de
1102 1410 1255 1453 officiis
1293 1412 1455 1454 tradita

115 1469 169 1510 ab
207 1469 294 1510 illis
337 1471 380 1510 et
424 1472 654 1524 praecepta
697 1472 808 1511 sunt.
869 1468 1004 1511 Nulla
1049 1470 1161 1511 enim
1198 1470 1314 1512 vitae
1352 1486 1453 1526 pars

112 1542 249 1582 neque
281 1528 465 1582 publicis
495 1542 631 1582 neque
662 1528 844 1583 privatis
875 1543 1011 1582 neque
1042 1528 1285 1571 forensibus
1317 1544 1454 1584 neque

61 1599 94 1624 25
114 1586 360 1629 domesticis
391 1587 437 1627 in
468 1587 611 1639 rebus,
643 1601 779 1641 neque
805 1587 842 1628 si
867 1590 1008 1629 tecum
1035 1601 1140 1643 agas
1174 1589 1286 1642 quid,
1316 1603 1454 1643 neque

113 1645 149 1687 si
181 1660 277 1687 cum
309 1646 446 1687 altero
479 1645 726 1699 contrahas,
757 1660 908 1687 vacare
941 1646 1081 1688 officio
1113 1650 1276 1701 potest,
1312 1647 1357 1688 in
1388 1662 1454 1689 eo-

113 1718 193 1759 que
226 1707 270 1746 et
301 1704 478 1746 colendo
506 1704 590 1746 sita
615 1705 730 1746 vitae
757 1708 823 1746 est
848 1705 1052 1746 honestas
1079 1706 1217 1747 omnis
1245 1709 1288 1747 et
1311 1707 1454 1762 negle-

114 1763 252 1819 gendo
284 1763 520 1818 turpitudo.
582 1763 726 1818 Atque
764 1764 868 1805 haec
910 1763 1080 1818 quidem
1114 1764 1310 1818 quaestio
1344 1780 1454 1807 com·
1480 1777 1498 1806 5

112 1822 253 1863 munis
304 1824 370 1864 est
421 1822 611 1864 omnium
655 1822 1031 1877 philosophorum3
1081 1823 1176 1877 quis
1221 1826 1287 1865 est
1327 1824 1453 1879 enim,

60 1893 93 1918 30
113 1881 185 1935 qui
215 1881 347 1922 nullis
381 1880 510 1923 officii
541 1882 783 1936 praeceptis
815 1881 1035 1923 tradendis
1067 1882 1376 1938 philosophum
1408 1897 1453 1925 se

112 1940 267 1981 audeat
299 1940 465 1982 dicere?
516 1937 598 1981 Sed
629 1943 730 1981 sunt
755 1955 842 1982 non
872 1941 1017 1982 nullae
1049 1940 1311 1996 disciplinae,
1344 1956 1453 1996 quae

110 1999 344 2054 propositis
377 1999 588 2040 bonorum
621 2001 663 2040 et
688 2000 902 2041 malorum
928 1999 1086 2041 finibus
1113 2000 1301 2042 officium
1328 2014 1453 2043 omne

111 2061 370 2112 pervertant.
431 2057 546 2099 Nam
584 2058 656 2112 qui
695 2072 907 2099 summum
946 2058 1106 2100 bonum
1152 2059 1212 2101 sic
1249 2059 1452 2115 instituit,

111 2118 160 2158 ut
189 2116 298 2158 nihil
337 2117 496 2158 habeat
534 2131 629 2158 cum
668 2117 828 2158 virtute
866 2117 1159 2172 coniunctum,
1196 2118 1325 2173 idque
1363 2119 1451 2160 suis

60 2185 92 2210 ³5
112 2175 365 2230 commodis,
407 2190 493 2217 non
530 2175 755 2218 honestate
794 2176 982 2230 metitur,
1019 2176 1106 2231 hic,
1151 2177 1186 2218 si
1230 2177 1313 2219 sibi
1358 2177 1451 2232 ipse

112 2234 352 2276 consentiat
384 2237 427 2275 et
457 2249 543 2276 non
574 2235 789 2276 interdum
816 2238 995 2277 naturae
1021 2235 1216 2277 bonitate
1242 2236 1450 2290 vincatur,

110 2306 247 2347 neque
278 2293 512 2336 amicitiam
543 2294 682 2335 colere
712 2294 852 2349 possit
889 2308 966 2336 nec
997 2294 1207 2336 iustitiam
1239 2309 1317 2337 nec
1347 2295 1451 2337 libe·

1191 2363 1235 2398 l*
