1673 2505
252 67 338 108 306
421 67 722 102 FRAGMENTA
747 67 1094 103 EPISTULARUM.
1122 67 1162 102 Ε.
1189 68 1309 102 XVIII
1336 73 1435 104 1—5.

252 175 507 230 percalibus‚
534 189 616 229 quo
638 175 703 215 die
723 175 939 216 Antonius
962 174 1153 229 Caesari3
1178 189 1260 217 non
1284 177 1392 217 enim
1414 177 1591 232 opticuit,

252 235 321 275 secl
355 234 468 287 lusit,
511 234 609 286 quia
644 233 750 274 nihil
786 234 904 275 aliud
938 235 1116 286 intelleyi
1144 238 1307 287 poterat
1340 249 1464 287 quam
1499 235 1589 277 hoc:

256 292 458 334 ‘diadema
487 291 694 344 inposuit.²

341 352 380 392 2.
413 351 581 403 Quintil.
621 349 688 391 VI
712 354 750 392 3.
781 354 838 393 20
868 351 924 392 In
957 351 1140 403 epistulis
1171 351 1306 393 Cicero
1337 352 1432 393 haec
1463 352 1592 393 Bruti

253 410 376 462 refert
409 410 547 450 verba.
590 407 656 449 Ne
699 409 766 450 illi
810 412 911 450 suni:
948 410 1075 464 pedes
1112 409 1242 451 faceti
1282 425 1329 452 ae
1367 411 1590 452 delicatius
1627 422 1643 448 5

254 468 511 524 ingredienti
542 467 706 509 molles.

343 528 381 568 3.
414 527 580 579 Pompei
605 530 809 568 comment.
838 527 883 567 T.
918 527 956 568 V
973 542 1017 580 p.
1042 529 1134 568 154.
1160 531 1211 568 11
1235 527 1291 568 K.
1342 527 1590 570 tPiissinius'

254 586 496 639 vituperavit
514 584 648 627 Cicero
665 586 712 626 in
730 585 976 638 Philippicis
996 586 1155 639 (XIII
1169 590 1232 627 19.
1253 587 1340 640 43).
1364 611 1411 615 —
1439 586 1592 628 Tamen

255 645 396 698 baper,
420 645 488 686 ille
511 645 702 697 mayister
726 644 906 698 Augusti
931 644 1130 695 Caesaris,
1155 645 1376 686 elaboravit
1391 645 1591 687 veliemen-

255 705 407 745 tissime
442 706 480 744 et
513 704 560 744 de
589 704 772 756 epistulis
802 702 1005 744 Ciceronis
1033 704 1188 756 colleyit
1219 703 1315 745 haec
1350 704 1487 756 verba,
1522 704 1591 746 ubi
1612 716 1645 741 10

254 764 413 804 dixerat
442 763 526 814 ipse
557 760 692 803 Cicero
725 761 988 816 ‘piissimus'.

343 821 381 862 4.
412 820 523 862 Plut.
550 819 628 862 Cic.
655 823 713 862 24
742 822 900 861 Καιτοι
931 836 1047 870 τινες
1077 821 1166 861 τῶν
1198 820 1591 874 προσποιουμένων

256 881 591 933 δημοσθενίζειν
630 876 891 932 ἐπιφύονται
930 879 1057 934 φωνή
1100 880 1180 920 τοῦ
1218 877 1492 933 Κικέρωνος,
1534 875 1591 933 ἣν

255 936 364 1002 πρός
401 953 499 979 τινα
536 938 625 979 τῶν
663 937 849 992 ἑταίρων
894 939 1054 991 ἔθηκεν
1094 938 1141 979 ἐν
1179 937 1382 993 ἐπιστολῇ
1419 935 1593 993 γράψας

257 997 434 1051 ενιαχοῦ
470 997 559 1038 τῶν
602 994 748 1050 λόγων
793 993 1109 1047 ἀπονυστάζειν
1152 994 1232 1038 τὸν
1279 994 1591 1050 Δημοσθένην.
1614 1009 1641 1034 15

256 1081 311 1086 ——-
340 1056 621 1107 Quintilianus
648 1055 695 1096 X
717 1059 753 1096 1.
778 1058 836 1097 24
867 1056 927 1097 Et
957 1056 1149 1097 labuntur
1178 1056 1400 1108 aliquando
1430 1055 1593 1109 (optimi

255 1114 455 1167 auctores)
480 1118 517 1156 et
540 1115 653 1156 oneri
683 1115 825 1155 cedunt
856 1118 893 1155 et
915 1115 1125 1180 indulyent
1148 1116 1403 1167 inqeniorum
1427 1128 1594 1156 suorum

255 1174 451 1226 voluptati
485 1187 556 1214 nec
585 1186 738 1224 semper
767 1174 982 1214 intendunt
1016 1174 1220 1226 animum,
1257 1187 1340 1214 non
1369 1187 1594 1225 numquam

253 1234 496 1286 fatiyantur‚
527 1245 618 1273 cum
649 1231 830 1273 Ciceroni
860 1233 1080 1273 dormitare
1110 1233 1273 1273 interim
1297 1231 1593 1286 Demosthenes,

255 1291 433 1333 Horatio
463 1304 554 1332 vero
585 1292 707 1331 etiam
738 1290 943 1332 Homerus
973 1292 1058 1344 ipse
1087 1291 1281 1331 videatur.
1611 1302 1638 1326 2(

345 1349 382 1391 5.
408 1348 570 1391 Sueton.
596 1350 673 1390 div.
692 1349 774 1390 Iul.
794 1352 849 1390 49
871 1349 1005 1391 Cicero
1029 1363 1113 1390 non
1137 1352 1341 1390 contentus
1364 1350 1411 1390 in
1435 1349 1593 1402 quibus—

256 1410 352 1450 dam
382 1409 565 1460 epistulis
594 1408 799 1460 scripsisse
830 1422 857 1448 a
885 1409 1125 1450 satellitibus
1155 1421 1245 1449 eum
1269 1406 1523 1462 (Gaesarem)
1548 1409 1594 1449 in

255 1468 482 1509 cubiculum
511 1467 666 1519 reyium
697 1467 879 1508 eductum
909 1468 956 1508 in
986 1481 1108 1508 aureo
1140 1467 1233 1508 lecto
1258 1470 1358 1508 veste
1384 1481 1594 1520 purpurea

256 1527 500 1579 decubuisse,
536 1526 751 1578 floremque
781 1526 925 1566 aetatis
962 1540 989 1566 a
1028 1526 1174 1567 Venere
1204 1527 1283 1567 orti
1312 1527 1359 1567 in
1389 1526 1593 1579 Bithynia

256 1586 594 1638 contaminatum,
637 1586 840 1637 quondam
880 1586 1002 1626 etiam
1037 1586 1082 1626 in
1118 1588 1261 1626 senatu
1297 1585 1523 1637 defendenti
1558 1586 1594 1626 ei
1613 1597 1634 1620 22

257 1704 606 1744 commemoranti:
640 1701 852 1756 εΙῖθηιουέ,
882 1704 1033 1756 inquit,
1067 1702 1218 1757 ‘istae07
1250 1716 1318 1744 oro
1350 1706 1402 1753 te,
1433 1704 1594 1756 quando

256 1766 397 1804 notum
428 1765 500 1816 est,
531 1765 568 1803 et
597 1763 696 1815 quid
724 1762 792 1803 ille
824 1762 895 1803 tibi
925 1765 963 1803 et
990 1763 1091 1815 quid
1118 1762 1183 1803 illi
1214 1765 1294 1803 tute
1323 1761 1502 1804 dederis.’
