1673 2505
444 79 744 117 ORATIONUM.
772 82 813 117 A.
840 82 890 116 lX
913 87 1058 118 11—19.
1333 85 1418 126 265

81 186 283 229 Volcacio
315 201 399 228 cos.
430 187 476 228 in
507 188 686 230 oonsilio
718 188 918 244 fuissent,
954 204 1007 230 ne
1044 190 1216 244 petendi
1249 190 1417 244 quidem

80 247 340 301 potestatem
374 259 465 286 esse
496 247 741 301 voluerunt3

226 304 359 345 Paulo
389 307 483 345 ante
518 305 698 347 diximus
730 305 975 359 Catilinam,
1013 320 1104 348 cum
1133 308 1180 348 de
1202 308 1419 360 provincia

137 362 288 413 Africa
324 363 520 403 decederet
546 364 750 416 petiturus
788 365 1058 414 consulatum,
1095 368 1133 406 et
1169 366 1288 418 leqati
1318 367 1420 418 Afri

45 437 60 462 5
137 421 265 472 questi
301 424 428 462 essent
463 422 509 462 de
551 435 593 462 eo
638 423 684 463 in
726 426 885 476 senatu,
924 425 1104 476 qraviter
1145 425 1419 478 vituperatum

137 491 228 520 esse.
290 478 503 530 Professus
533 480 674 521 deinde
703 484 761 522 est
791 481 974 522 Catilina
1000 485 1134 534 petere
1163 496 1204 524 se
1235 484 1419 525 consula-

138 540 233 578 tum.
275 537 322 578 L.
344 537 552 579 Volcacius
573 539 718 580 Tullus
737 540 874 581 consul
893 541 1107 581 consilium
1118 541 1329 594 publicum
1347 542 1418 583 lia-

136 595 237 645 buit,
275 609 332 636 an
362 597 562 637 rationem
594 595 798 638 Catilinae
826 598 968 639 habere
998 599 1164 649 deberet,
1204 601 1241 642 si
1270 604 1422 653 peteret

137 654 410 703 consulatum;
443 668 542 695 nam
572 656 838 708 quaerebatur
867 658 1192 709 repetundarum.
1237 657 1420 701 Catilina

29 728 60 754 10
137 712 182 753 ob
213 725 302 753 eam
333 725 500 754 causam
530 715 681 755 destitit
710 727 737 755 a
760 716 966 767 petitione.

170 770 233 811 16.
278 785 303 812 a
347 772 648 813 senatoribus?
693 772 766 826 qui
805 776 847 814 te
889 775 1145 815 auctoritate
1184 775 1418 830 spoliatum

79 829 341 870 ornamentis
375 830 572 872 omnibus
605 831 794 872 vinctum
827 847 961 886 paene
990 832 1207 874 Africanis
1241 835 1419 876 oratori-

79 887 158 928 bus
190 888 478 942 tradiderunt3

224 946 423 988 Diximus
452 949 567 989 modo
598 949 645 989 cle
672 948 754 990 hoc.
810 949 924 990 Nam
954 950 1152 992 iudicium
1183 965 1335 1004 quoque
1364 966 1418 994 sc-

26 1019 58 1046 15
135 1008 272 1046 cutum
302 1009 359 1047 est
387 1007 723 1058 repetimclarum,
752 1021 829 1060 quo
860 1009 945 1060 ipsc
968 1022 1044 1061 per
1074 1010 1295 1061 infamiam
1329 1011 1418 1052 libe-

134 1067 251 1105 ratus
286 1067 344 1106 est
379 1063 578 1118 Catilina,
614 1066 684 1107 sed
717 1067 794 1116 ita,
831 1070 878 1107 ut
913 1080 1004 1107 eum
1040 1071 1273 1109 senatorum
1309 1083 1419 1110 urna

135 1123 366 1173 damnaret,
397 1124 574 1175 equitum
605 1127 643 1165 et
672 1125 928 1165 tribunorum
960 1125 1185 1167 absolveret.

167 1181 232 1222 17.
265 1181 318 1222 ab
352 1182 541 1236 equestri
572 1182 747 1224 ordine?
780 1198 906 1237 quem
938 1184 1182 1238 trucidasti3

223 1240 419 1293 Equester
443 1242 539 1282 ordo
561 1255 636 1294 pro
658 1240 862 1284 Cinnanis
879 1243 1071 1294 partibus
1096 1247 1237 1284 contra
1255 1243 1419 1285 Sullam

25 1312 59 1338 20
134 1301 305 1353 steterat,
324 1300 520 1352 multique
530 1301 729 1352 pecunias
747 1301 1008 1351 abstulerant,
1034 1315 1082 1343 ea:
1104 1316 1180 1354 quo
1200 1303 1420 1344 saecularii

135 1361 251 1398 erant
280 1358 484 1411 appellati,
515 1362 634 1411 atque
663 1359 710 1400 ob
740 1360 825 1401 eius
854 1360 915 1401 rei
944 1361 1145 1402 invidiam
1163 1364 1260 1414 post
1284 1360 1419 1403 Sulla-

133 1429 234 1457 nam
262 1418 473 1458 victoriam
504 1421 622 1459 erant
651 1419 858 1468 interfecti.

169 1475 232 1516 18.
271 1490 296 1516 a
332 1475 486 1530 plebe?
526 1476 593 1517 cui
631 1477 920 1531 spectaculum
953 1477 1042 1518 eius
1075 1477 1191 1519 mocli
1222 1480 1298 1519 tua
1330 1493 1420 1519 oru-

78 1532 232 1574 delitas
263 1534 480 1588 praebuit,
517 1537 566 1575 ub
603 1538 638 1576 te
667 1549 793 1576 nemo
826 1535 917 1576 sine
950 1536 1114 1591 gemitu
1147 1551 1195 1577 ac
1227 1537 1419 1577 recorda-

25 1604 59 1631 25
77 1591 193 1633 tione
226 1592 366 1634 luctus
401 1593 589 1647 aspicere
622 1593 771 1648 possib.

222 1651 419 1693 Eiusdem
461 1652 576 1694 illius
611 1653 732 1694 illari
769 1651 1013 1694 Gratidiani
1051 1653 1159 1705 quod
1198 1657 1320 1706 caput
1357 1667 1420 1707 qe-

134 1710 274 1763 starit,
305 1710 434 1752 obicit.

226 1768 312 1820 Quo
344 1769 425 1810 loco
456 1769 554 1810 dicit
585 1768 809 1811 Catilinam
837 1773 959 1822 caput
987 1769 1050 1810 M.
1075 1770 1195 1811 Mari
1223 1773 1419 1823 qestassc:

168 1827 233 1868 19.
259 1826 382 1875 Quod
407 1830 536 1882 capul:
562 1828 692 1869 eciam
718 1830 811 1868 inum
836 1828 1010 1882 plenum
1038 1828 1206 1869 animae
1233 1831 1276 1870 et
1298 1829 1420 1883 spiri-

25 1894 58 1922 30
77 1887 146 1926 tus
179 1885 233 1926 ad
265 1884 430 1927 Sullam
461 1901 595 1941 usque
628 1887 682 1927 ab
714 1886 905 1928 Ianiculo
939 1887 992 1927 ad
1025 1887 1173 1928 aedem
1199 1886 1418 1942 Apollinis

77 1944 273 1985 manibus
306 1944 397 1999 ipse
431 1944 518 1986 suis
554 1945 721 1986 detulit.

134 2004 273 2044 omnia
308 2007 405 2045 sunt
442 2004 673 2055 manifesta.
735 2004 799 2045 Ne
843 2007 977 2045 tamen
1014 2005 1171 2057 erretis,
1214 2005 1322 2056 quod
1355 2004 1420 2046 liis

0 2051 1 2133 l
135 2062 375 2114 temporibus
406 2063 521 2104 aedes
550 2063 760 2115 Apollinis
789 2063 836 2104 in
867 2062 1032 2104 Palatio
1067 2064 1121 2105 sit
1150 2063 1418 2117 nobilissima,

132 2121 377 2162 admonendi
412 2122 506 2163 estis
541 2135 625 2163 non
660 2121 765 2163 lianc
795 2135 823 2162 a
854 2120 1041 2163 Cicerone
1070 2122 1317 2175 siqnificari,
1355 2125 1418 2163 ut-

23 2188 56 2214 35
128 2182 220 2232 pote
256 2193 380 2232 quam
411 2183 506 2233 post
534 2183 702 2222 mortem
735 2181 858 2221 etiam
889 2179 1093 2222 Ciceronis
1123 2181 1264 2222 multis
1295 2181 1419 2221 annis

132 2238 228 2290 imp.
270 2237 436 2290 Caesar,
479 2252 596 2292 quem
635 2253 744 2280 nunc
786 2239 925 2280 divum
961 2239 1196 2292 Auqustum
1233 2239 1417 2288 dicimus,

125 2299 220 2349 post
242 2296 456 2340 Actiacam
479 2298 692 2340 victoriam
720 2298 869 2350 fecerit,
900 2299 969 2340 sed
992 2298 1109 2340 illam
1134 2297 1417 2347 demonstrari,
