1663 2490
431 501 494 550 M.
535 501 724 549 TULLI
761 502 1089 551 CICERONIS

114 611 288 668 CATO
332 610 560 666 MAIOR
602 611 697 666 DE
741 610 1142 668 SENECTUTE
1185 613 1400 668 LIBER

341 734 421 776 AD
453 733 500 777 Τ.
530 734 875 777 POMPONIUM
907 735 1165 778 ATTmUM

535 925 985 965 ARGUMENTUM.

182 1003 252 1038 Hic
280 1003 384 1045 liber,
411 1003 476 1047 qui
500 1014 523 1037 a
542 1003 719 1037 Cicerone
745 1002 905 1048 scriptus
931 1005 969 1038 et
994 1004 1115 1039 editus
1139 1005 1197 1039 est
1216 1015 1313 1039 anno
1332 1016 1367 1050 p.
1390 1016 1426 1042 u.

88 1062 118 1086 c.
147 1055 214 1085 710
240 1053 286 1095 (a.
314 1050 395 1086 Chr.
422 1051 492 1094 44),
519 1049 710 1094 dialogum
736 1050 902 1084 continet
929 1050 974 1085 de
1001 1053 1191 1085 senectute
1217 1051 1385 1086 habitum
1405 1063 1427 1087 a

87 1097 134 1132 M.
162 1097 293 1132 Porcio
320 1097 458 1132 Catone
487 1096 662 1131 Censorio
689 1107 770 1131 cum
798 1096 835 1132 C.
861 1096 989 1131 Laelio
1017 1101 1054 1132 et
1081 1099 1116 1132 P.
1147 1098 1317 1132 Cornelio
1351 1098 1426 1133 Sci-

88 1144 217 1190 pione,
249 1143 313 1189 qui
338 1146 470 1189 postea
500 1144 696 1177 Africanus
727 1144 847 1178 minor
877 1144 1088 1189 appellatus
1121 1147 1193 1187 est,
1232 1156 1346 1187 anno,
1385 1148 1427 1181 ut

88 1191 258 1236 fingitur,
290 1203 325 1236 p.
352 1202 386 1225 u.
413 1201 442 1225 c.
470 1195 549 1233 604,
575 1190 614 1225 T.
642 1190 815 1231 Quinctio
841 1190 1048 1226 Flaminino
1074 1189 1133 1226 M'.
1160 1192 1281 1227 Acilio
1308 1192 1425 1228 Balbo

88 1249 180 1274 coss.
230 1237 430 1283 Appellato
456 1237 615 1283 primum
640 1237 768 1272 Attico
801 1239 839 1272 et
864 1239 1050 1283 explicata
1079 1250 1207 1281 causa,
1241 1250 1351 1283 quam
1378 1240 1424 1275 ob

88 1296 164 1320 rem
201 1285 272 1320 hoc
303 1287 560 1329 argumentum
593 1286 752 1319 tractare
790 1285 969 1329 voluerit,
1008 1287 1081 1320 iam
1120 1297 1323 1321 sermonem
1360 1286 1424 1322 ille

88 1332 178 1367 olim
203 1343 225 1366 a
250 1333 297 1367 M.
325 1332 464 1366 Catone
496 1331 707 1366 institutum
747 1342 784 1366 se
822 1332 1023 1367 relaturum
1055 1344 1136 1368 esse
1169 1333 1356 1378 promittit
1388 1336 1425 1368 et

87 1379 193 1414 illum
219 1379 273 1414 ita
303 1378 517 1424 loquentem
552 1379 598 1413 de
636 1380 826 1413 senectute
859 1379 965 1423 facit,
1000 1382 1042 1415 ut
1075 1382 1251 1425 quattuor
1283 1391 1424 1425 causas,

88 1437 182 1471 quae
207 1426 343 1461 adferri
369 1426 524 1469 soleant,
550 1436 660 1470 quam
686 1426 733 1461 ob
758 1437 834 1460 rem
859 1427 1018 1461 molesta
1044 1430 1081 1462 et
1100 1427 1235 1462 misera
1255 1431 1424 1463 senectus

88 1473 147 1517 nit,
174 1473 393 1518 singillatim
418 1475 639 1518 pertractet,
671 1474 710 1508 et
739 1472 804 1507 illa
835 1476 1054 1518 argumenta
1085 1475 1285 1520 separatim
1316 1475 1423 1510 refel-

87 1522 162 1556 lere
190 1520 354 1564 studeat,
386 1520 544 1565 primum
576 1519 675 1564 quod
707 1522 876 1555 senectus
908 1524 1040 1556 avocet
1065 1533 1086 1556 a
1111 1522 1219 1556 rebus
1251 1522 1422 1567 gerendis

89 1571 182 1614 (cap.
211 1569 330 1611 6-8),
362 1567 496 1602 deinde
528 1567 625 1612 quod
653 1577 784 1612 corpus
811 1567 925 1602 faciat
956 1568 1134 1603 infirmius
1166 1572 1260 1614 (cap.
1296 1574 1422 1605 9—11.

87 1620 106 1658 ξ
131 1616 300 1658 27-38),
325 1615 404 1648 tum
424 1614 523 1658 quod
544 1614 668 1659 privet
689 1614 858 1649 omnibus
884 1613 959 1650 fere
986 1615 1241 1661 voluptatibus
1263 1618 1356 1661 (cap.
1381 1621 1422 1652 12

89 1663 207 1705 —18)‚
233 1660 391 1705 denique
418 1661 516 1705 quod
541 1661 640 1695 haud
672 1661 800 1705 procul
826 1661 925 1696 absit
948 1673 971 1697 a
995 1665 1114 1698 morte
1146 1666 1241 1708 (cap.
1258 1665 1421 1707 19—24).

145 1827 181 1870 O
201 1826 335 1882 Tite,
367 1827 552 1882 siquid
580 1840 672 1883 ego
699 1828 905 1869 adiuero
941 1843 1178 1871 curamve
1204 1830 1422 1881 levasso,
1445 1816 1466 1895 ξ

145 1886 279 1936 Quae
298 1901 428 1928 nunc
447 1889 497 1928 te
528 1887 704 1941 coquit
728 1890 777 1928 et
802 1889 979 1929 versat
997 1887 1047 1928 in
1072 1889 1278 1942 pectore
1304 1888 1422 1942 fixa,

144 1945 341 2000 Ecquid
372 1945 472 1987 erit
502 1945 724 2000 praemi?

86 2004 206 2047 Licet
243 2004 354 2046 enim
398 2003 503 2045 mihi
540 2004 734 2045 versibus
779 2003 936 2046 eisdem
981 2004 1116 2046 adfari
1160 2008 1220 2059 te,
1265 2005 1421 2060 Attice,

53 2074 68 2100 5
88 2063 241 2118 quibus
274 2063 445 2104 adfatur
475 2061 764 2104 Flamininum

145 2121 242 2163 Ille
267 2121 344 2163 vir
368 2121 499 2163 haud
525 2135 706 2176 magna
731 2136 838 2163 cum
864 2136 932 2175 re,
957 2121 1041 2163 sed
1067 2122 1250 2177 plenus
1274 2122 1419 2176 fidei3

88 2195 346 2236 quamquam
377 2182 493 2222 certo
525 2180 613 2222 scio
644 2194 742 2235 non,
773 2183 822 2221 ut
852 2179 1153 2235 Flamininum,

147 2237 441 2281 Sollicitari
472 2241 542 2292 te,
573 2237 713 2294 Tite,
745 2238 816 2280 sic
847 2243 1128 2294 noctesque
1159 2239 1385 2294 diesque3

87 2297 187 2339 novi
236 2297 347 2339 enim
390 2297 726 2339 moderationem
777 2297 906 2339 animi
956 2298 1019 2340 tui
1063 2300 1106 2340 et
1158 2298 1419 2353 aequitatem

1089 2365 1140 2399 9*
