1663 2490
129 726 180 766 18

124 777 168 808 61

127 993 169 1023 62

127 1463 170 1494 63

197 52 250 92 78
717 17 781 83 Dis
807 47 1006 83 OFFICIIS

197 159 293 200 simi
335 173 422 200 non
466 157 669 212 probant,
707 158 756 197 ut
799 158 842 196 et
877 155 947 196 hic
984 155 1077 210 ipse
1113 155 1362 210 Panaetius,
1407 171 1532 210 quem

196 218 380 260 multum
411 217 454 257 in
487 216 553 256 his
586 214 709 256 libris
742 216 911 256 secutus
945 228 1057 268 sum,
1093 229 1180 256 non
1211 215 1532 269 interpretatus,

196 280 239 318 et
258 276 491 317 Phalereus
512 273 768 327 Demetrius,
801 273 872 326 qui
892 272 1111 327 Periclem,
1142 273 1379 328 principem
1405 273 1532 315 Grae-

195 336 303 388 ciae,
341 335 575 388 vituperat,
619 331 732 386 quod
768 334 936 372 tantam
972 332 1195 386 pecuniam
1232 331 1276 373 in
1313 333 1534 386 praeclara

194 395 272 435 illa
303 393 538 447 propylaea
569 390 808 432 coniecerit.
871 388 952 430 Sed
984 390 1034 431 de
1065 391 1147 432 hoc
1180 405 1332 446 genere
1363 393 1457 432 toto
1488 391 1534 432 in

194 453 247 494 iis
285 452 427 503 libris,
465 464 570 504 quos
609 449 659 490 de
698 463 741 490 re
779 449 951 503 publica
989 449 1157 503 scripsi,
1202 449 1431 504 diligenter
1468 452 1534 491 est

196 512 472 566 disputatum.
523 507 634 549 Tota
664 507 800 562 igitur
831 507 942 548 ratio
974 508 1126 548 talium
1158 508 1440 563 largitionum
1465 522 1534 564 ge-

195 584 294 611 nere
326 568 483 610 vitiosa
515 569 592 620 est,
624 566 891 621 temporibus
922 566 1175 618 necessaria,
1208 570 1250 607 et
1275 569 1367 608 tum
1392 567 1534 622 ipsum

196 632 239 670 et
269 628 323 669 ad
354 626 584 668 facultates
617 625 976 667 accommodanda
1008 628 1051 666 et
1076 625 1370 666 mediocritate
1396 625 1535 668 mode—

195 687 329 729 randa
361 688 438 726 est.

284 744 335 785 In
367 745 443 786 illo
471 746 615 785 autem
643 744 780 784 altero
807 756 961 798 genere
988 742 1212 797 largiendi,
1245 742 1357 796 quod
1384 757 1409 784 a
1433 743 1535 784 libe-

196 804 370 846 ralitate
389 803 688 857 proficiscitur,
710 816 796 843 non
815 816 900 843 uno
921 801 1047 842 modo
1068 802 1112 842 in
1133 801 1375 855 disparibus
1397 803 1535 843 causis

197 863 351 905 adfecti
385 876 476 903 esse
508 862 723 903 debemus.
785 860 886 901 Alia
918 858 1046 901 causa
1078 863 1144 901 est
1176 860 1283 913 eius,
1323 861 1395 914 qui
1426 861 1535 902 cala—

197 922 348 964 mitate
374 921 597 975 premitur,
622 923 665 961 et
691 920 792 969 eius,
818 919 891 973 qui
911 933 977 960 res
999 919 1197 960 meliores
1218 919 1386 973 quaerit
1404 920 1535 961 nullis

198 981 284 1023 suis
317 980 444 1021 rebus
477 979 680 1021 adversis.
728 978 988 1032 Propensior
1020 977 1264 1033 benignitas
1297 992 1388 1019 esse
1415 979 1535 1020 debe-

195 1041 261 1082 bit
292 1040 337 1080 in
368 1039 662 1091 calamitosos,
699 1037 783 1078 nisi
820 1036 931 1078 forte
971 1039 1095 1078 erunt
1127 1036 1244 1091 digni
1277 1038 1535 1079 calamitate.

196 1099 246 1140 ln
277 1099 329 1139 iis
361 1100 520 1151 tamen,
551 1097 623 1151 qui
657 1110 700 1137 se
733 1095 926 1137 adiuvari
952 1096 1110 1148 volent,
1141 1110 1227 1137 non
1251 1110 1303 1136 ne
1330 1096 1536 1152 adfligan-

195 1161 284 1211 tur‚
317 1157 390 1198 sed
421 1159 469 1197 ut
501 1157 700 1197 altiorem
732 1155 912 1210 gradum
945 1154 1196 1207 ascendant,
1228 1154 1417 1196 restricti
1449 1170 1536 1196 om-

195 1217 297 1258 nino
324 1230 416 1256 esse
441 1216 561 1256 nullo
594 1214 720 1255 modo
753 1214 967 1266 debemus,
999 1213 1072 1254 sed
1104 1213 1149 1254 in
1181 1213 1418 1268 deligendis
1449 1214 1535 1256 ido-

196 1275 287 1317 neis
313 1274 515 1315 iudicium
548 1275 591 1315 et
623 1273 892 1327 diligentiam
919 1271 1133 1313 adhibere.
1178 1270 1292 1312 Nam
1317 1273 1535 1327 praeclare

196 1334 380 1375 Ennius:

256 1392 390 1434 Bene
428 1391 566 1432 facta
598 1391 728 1431 male
760 1391 935 1431 locata
966 1391 1096 1431 male
1127 1389 1266 1431 facta
1297 1390 1534 1433 arbitror.

197 1451 320 1501 Quod
351 1453 495 1492 autem
527 1450 737 1491 tributum
771 1452 836 1490 est
868 1449 979 1490 bono
1012 1448 1103 1490 viro
1143 1451 1186 1490 et
1223 1451 1366 1503 grato,
1403 1450 1447 1490 in
1485 1464 1534 1491 eo

197 1526 293 1554 cum
325 1525 375 1551 ex
405 1510 500 1564 ipso
525 1508 691 1550 fructus
718 1510 794 1558 est,
826 1511 918 1549 tum
944 1507 1075 1549 etiam
1101 1521 1152 1548 ex
1177 1507 1341 1549 ceteris.
1390 1507 1535 1550 Teme-

196 1571 326 1612 ritate
364 1569 477 1610 enim
514 1570 682 1609 remota
719 1567 968 1623 gratissima
1005 1569 1072 1608 est
1102 1566 1360 1620 liberalitas,
1402 1581 1535 1622 eoque

199 1644 292 1671 eam
320 1626 552 1669 studiosius
577 1626 771 1681 plerique
797 1626 987 1679 laudant,
1014 1625 1126 1680 quod
1152 1625 1307 1667 summi
1333 1625 1535 1681 cuiusque

197 1687 368 1730 bonitas
389 1700 611 1728 commune
631 1684 875 1740 perfugium
894 1687 960 1725 est
980 1684 1181 1726 omnium.
1224 1683 1378 1726 Danda
1402 1685 1536 1740 igitur

198 1761 328 1802 opera
360 1748 437 1799 est,
468 1747 517 1786 ut
548 1745 599 1786 iis
631 1744 847 1786 beneficiis
880 1758 1008 1797 quam
1039 1743 1249 1798 plurimos
1276 1743 1536 1798 adiiciamus,

199 1820 379 1861 quorum
411 1803 618 1846 memoria
649 1803 795 1844 liberis
827 1802 1095 1858 posterisque
1132 1802 1356 1857 prodatur,
1397 1805 1446 1844 ut
1482 1803 1543 1844 iis.

197 1864 381 1920 ingratis
427 1878 518 1905 esse
561 1877 648 1904 non
691 1862 830 1903 liceat.
899 1860 1056 1903 Omnes
1101 1861 1213 1902 enim
1256 1861 1535 1903 inmemorem

198 1922 392 1965 beneficii
425 1922 606 1964 oderunt
638 1935 814 1975 eamque
845 1920 1044 1961 iniuriam
1075 1920 1121 1961 in
1152 1920 1402 1961 deterrenda
1433 1920 1536 1961 libe—

197 1983 372 2023 ralitate
399 1981 481 2022 sibi
507 1981 637 2022 etiam
663 1980 755 2021 fieri
781 1994 972 2034 eumque,
998 1979 1070 2033 qui
1094 1978 1237 2027 faciat,
1269 1993 1536 2020 communem

198 2042 368 2083 hostem
387 2040 630 2082 tenuiorum
649 2041 814 2093 putant.
853 2038 996 2092 Atque
1016 2038 1120 2079 haec
1140 2037 1384 2092 benignitas
1405 2038 1536 2079 etiam

198 2100 260 2142 rei
291 2099 488 2155 publicae
520 2101 585 2140 est
610 2098 743 2148 utilis,
774 2097 924 2138 redimi
951 2111 971 2138 e
998 2096 1204 2138 servitute
1230 2099 1392 2151 captos,
1423 2097 1536 2138 locu-

198 2159 356 2215 pletari
387 2158 622 2211 tenuiores;
655 2156 766 2211 quod
798 2156 968 2210 quidem
999 2156 1128 2211 volgo
1162 2155 1337 2196 solitum
1363 2155 1456 2196 fieri
1481 2155 1535 2197 ab

200 2217 345 2260 ordine
370 2219 520 2258 nostro
546 2216 591 2257 in
616 2216 810 2257 oratione
830 2214 975 2257 Crassi
996 2214 1203 2269 scriptum
1228 2214 1399 2269 copiose
1424 2213 1535 2256 vide-

198 2291 305 2319 mus.
354 2275 479 2317 Hanc
504 2289 607 2329 ergo
633 2273 982 2316 consuetudinem
1007 2273 1287 2328 benignitatis
1314 2272 1535 2328 largitioni

1555 696 1588 722 10

1556 990 1590 1015 15

1555 1285 1588 1309 20

1554 1578 1588 1603 25

1555 1873 1586 1897 30

1555 2166 1587 2192 35
