<?xml version="1.0" encoding="UTF-8"?>
<!DOCTYPE html PUBLIC "-//W3C//DTD XHTML 1.0 Transitional//EN"
    "http://www.w3.org/TR/xhtml1/DTD/xhtml1-transitional.dtd">
<html xmlns="http://www.w3.org/1999/xhtml" xml:lang="en" lang="en">
 <head>
  <title>
</title>
<meta http-equiv="Content-Type" content="text/html;charset=utf-8" />
  <meta name='ocr-system' content='tesseract 3.04.00' />
  <meta name='ocr-capabilities' content='ocr_page ocr_carea ocr_par ocr_line ocrx_word'/>
</head>
<body>
  <div class='ocr_page' id='page_1' title='image "./p3scriptaquaemanse04ciceuoft_0216.png"; bbox 0 0 1663 2490; ppageno 0'>
   <div class='ocr_carea' id='block_1_1' title="bbox 150 719 190 751">
    <p class='ocr_par' dir='ltr' id='par_1_1' title="bbox 150 719 190 751">
     <span class='ocr_line' id='line_1_1' title="bbox 150 719 190 751; baseline -0.025 0"><span class='ocrx_word' id='word_1_1' title='bbox 150 719 190 751; x_wconf 71' lang='lat'>47</span> 
     </span>
    </p>
   </div>
   <div class='ocr_carea' id='block_1_2' title="bbox 149 1305 192 1336">
    <p class='ocr_par' dir='ltr' id='par_1_2' title="bbox 149 1305 192 1336">
     <span class='ocr_line' id='line_1_2' title="bbox 149 1305 192 1336; baseline 0 0"><span class='ocrx_word' id='word_1_2' title='bbox 149 1305 192 1336; x_wconf 77' lang='lat'>48</span> 
     </span>
    </p>
   </div>
   <div class='ocr_carea' id='block_1_3' title="bbox 153 1774 194 1804">
    <p class='ocr_par' dir='ltr' id='par_1_3' title="bbox 153 1774 194 1804">
     <span class='ocr_line' id='line_1_3' title="bbox 153 1774 194 1804; baseline 0 0"><span class='ocrx_word' id='word_1_3' title='bbox 153 1774 194 1804; x_wconf 80' lang='lat'>49</span> 
     </span>
    </p>
   </div>
   <div class='ocr_carea' id='block_1_4' title="bbox 221 73 1233 115">
    <p class='ocr_par' dir='ltr' id='par_1_4' title="bbox 221 73 1233 115">
     <span class='ocr_line' id='line_1_4' title="bbox 221 73 1233 115; baseline -0.006 0"><span class='ocrx_word' id='word_1_4' title='bbox 221 75 302 115; x_wconf 87' lang='lat'>148</span> <span class='ocrx_word' id='word_1_5' title='bbox 535 74 656 109; x_wconf 87' lang='lat' dir='ltr'>CATO</span> <span class='ocrx_word' id='word_1_6' title='bbox 682 73 836 109; x_wconf 80' lang='lat' dir='ltr'><strong>MAIOR</strong></span> <span class='ocrx_word' id='word_1_7' title='bbox 860 73 924 108; x_wconf 87' lang='lat' dir='ltr'>DE</span> <span class='ocrx_word' id='word_1_8' title='bbox 951 73 1233 109; x_wconf 85' lang='lat' dir='ltr'>SENEGTUTE</span> 
     </span>
    </p>
   </div>
   <div class='ocr_carea' id='block_1_5' title="bbox 216 181 1663 2344">
    <p class='ocr_par' dir='ltr' id='par_1_5' title="bbox 216 181 1663 2344">
     <span class='ocr_line' id='line_1_5' title="bbox 217 181 1552 236; baseline 0 -13"><span class='ocrx_word' id='word_1_9' title='bbox 217 182 313 224; x_wconf 89' lang='lat' dir='ltr'>istis</span> <span class='ocrx_word' id='word_1_10' title='bbox 353 181 521 236; x_wconf 86' lang='lat' dir='ltr'>quidem</span> <span class='ocrx_word' id='word_1_11' title='bbox 557 181 663 236; x_wconf 85' lang='lat' dir='ltr'>ipsis</span> <span class='ocrx_word' id='word_1_12' title='bbox 694 181 991 235; x_wconf 84' lang='lat' dir='ltr'>voluptatibus</span> <span class='ocrx_word' id='word_1_13' title='bbox 1029 195 1171 222; x_wconf 88' lang='lat' dir='ltr'>carere</span> <span class='ocrx_word' id='word_1_14' title='bbox 1204 195 1330 223; x_wconf 88' lang='lat' dir='ltr'>sensu</span> <span class='ocrx_word' id='word_1_15' title='bbox 1361 184 1552 223; x_wconf 86' lang='lat' dir='ltr'>senectu-</span> 
     </span>
     <span class='ocr_line' id='line_1_6' title="bbox 216 239 1551 294; baseline -0.001 -12"><span class='ocrx_word' id='word_1_16' title='bbox 216 243 317 282; x_wconf 90' lang='lat' dir='ltr'>tem.</span> <span class='ocrx_word' id='word_1_17' title='bbox 384 240 452 282; x_wconf 92' lang='lat' dir='ltr'>Me</span> <span class='ocrx_word' id='word_1_18' title='bbox 488 255 589 282; x_wconf 83' lang='lat' dir='ltr'>vero</span> <span class='ocrx_word' id='word_1_19' title='bbox 628 243 671 280; x_wconf 92' lang='lat' dir='ltr'>et</span> <span class='ocrx_word' id='word_1_20' title='bbox 710 239 961 294; x_wconf 89' lang='lat' dir='ltr'>magisteria</span> <span class='ocrx_word' id='word_1_21' title='bbox 997 239 1211 281; x_wconf 89' lang='lat' dir='ltr'>delectant</span> <span class='ocrx_word' id='word_1_22' title='bbox 1247 254 1273 281; x_wconf 91' lang='lat' dir='ltr'>a</span> <span class='ocrx_word' id='word_1_23' title='bbox 1316 239 1551 281; x_wconf 81' lang='lat' dir='ltr'>maioribus</span> 
     </span>
     <span class='ocr_line' id='line_1_7' title="bbox 217 298 1550 351; baseline -0.001 -11"><span class='ocrx_word' id='word_1_24' title='bbox 217 299 417 340; x_wconf 89' lang='lat' dir='ltr'>instituta</span> <span class='ocrx_word' id='word_1_25' title='bbox 455 302 497 340; x_wconf 88' lang='lat' dir='ltr'>et</span> <span class='ocrx_word' id='word_1_26' title='bbox 533 299 570 339; x_wconf 92' lang='lat' dir='ltr'>is</span> <span class='ocrx_word' id='word_1_27' title='bbox 609 312 766 351; x_wconf 91' lang='lat' dir='ltr'>sermo,</span> <span class='ocrx_word' id='word_1_28' title='bbox 811 298 883 351; x_wconf 92' lang='lat' dir='ltr'>qui</span> <span class='ocrx_word' id='word_1_29' title='bbox 920 312 1037 339; x_wconf 91' lang='lat' dir='ltr'>more</span> <span class='ocrx_word' id='word_1_30' title='bbox 1075 298 1284 339; x_wconf 90' lang='lat' dir='ltr'>maiorum</span> <span class='ocrx_word' id='word_1_31' title='bbox 1322 313 1348 339; x_wconf 87' lang='lat' dir='ltr'>a</span> <span class='ocrx_word' id='word_1_32' title='bbox 1385 312 1550 339; x_wconf 90' lang='lat' dir='ltr'>summo</span> 
     </span>
     <span class='ocr_line' id='line_1_8' title="bbox 219 355 1550 411; baseline -0.001 -12"><span class='ocrx_word' id='word_1_33' title='bbox 219 358 445 399; x_wconf 87' lang='lat' dir='ltr'>adhibetur</span> <span class='ocrx_word' id='word_1_34' title='bbox 487 357 532 398; x_wconf 87' lang='lat' dir='ltr'>in</span> <span class='ocrx_word' id='word_1_35' title='bbox 573 356 746 410; x_wconf 91' lang='lat' dir='ltr'>poculo,</span> <span class='ocrx_word' id='word_1_36' title='bbox 790 358 832 397; x_wconf 92' lang='lat' dir='ltr'>et</span> <span class='ocrx_word' id='word_1_37' title='bbox 869 356 1041 410; x_wconf 89' lang='lat' dir='ltr'>pocula,</span> <span class='ocrx_word' id='word_1_38' title='bbox 1085 356 1194 397; x_wconf 87' lang='lat' dir='ltr'>sicut</span> <span class='ocrx_word' id='word_1_39' title='bbox 1236 356 1280 397; x_wconf 90' lang='lat' dir='ltr'>in</span> <span class='ocrx_word' id='word_1_40' title='bbox 1325 355 1550 411; x_wconf 85' lang='lat' dir='ltr'>Symposio</span> 
     </span>
     <span class='ocr_line' id='line_1_9' title="bbox 216 414 1605 470; baseline -0.002 -12"><span class='ocrx_word' id='word_1_41' title='bbox 216 416 514 470; x_wconf 72' lang='lat' dir='ltr'>Xenophontis</span> <span class='ocrx_word' id='word_1_42' title='bbox 541 417 617 469; x_wconf 88' lang='lat' dir='ltr'>est,</span> <span class='ocrx_word' id='word_1_43' title='bbox 648 414 814 455; x_wconf 88' lang='lat' dir='ltr'>minuta</span> <span class='ocrx_word' id='word_1_44' title='bbox 840 416 967 468; x_wconf 89' lang='lat' dir='ltr'>atque</span> <span class='ocrx_word' id='word_1_45' title='bbox 995 415 1188 456; x_wconf 88' lang='lat' dir='ltr'>rorantia</span> <span class='ocrx_word' id='word_1_46' title='bbox 1212 417 1254 456; x_wconf 93' lang='lat' dir='ltr'>et</span> <span class='ocrx_word' id='word_1_47' title='bbox 1279 414 1551 470; x_wconf 72' lang='lat' dir='ltr'>refrigeratio</span> <span class='ocrx_word' id='word_1_48' title='bbox 1589 425 1605 451; x_wconf 82' lang='lat'>⁵</span> 
     </span>
     <span class='ocr_line' id='line_1_10' title="bbox 219 473 1552 528; baseline -0.001 -12"><span class='ocrx_word' id='word_1_49' title='bbox 219 478 382 516; x_wconf 78' lang='lat' dir='ltr'>aestate</span> <span class='ocrx_word' id='word_1_50' title='bbox 421 476 464 514; x_wconf 92' lang='lat' dir='ltr'>et</span> <span class='ocrx_word' id='word_1_51' title='bbox 499 473 687 515; x_wconf 87' lang='lat' dir='ltr'>vicissim</span> <span class='ocrx_word' id='word_1_52' title='bbox 726 475 800 513; x_wconf 91' lang='lat' dir='ltr'>aut</span> <span class='ocrx_word' id='word_1_53' title='bbox 839 473 903 514; x_wconf 92' lang='lat' dir='ltr'>sol</span> <span class='ocrx_word' id='word_1_54' title='bbox 935 475 1009 514; x_wconf 88' lang='lat' dir='ltr'>aut</span> <span class='ocrx_word' id='word_1_55' title='bbox 1039 473 1152 528; x_wconf 87' lang='lat' dir='ltr'>ignis</span> <span class='ocrx_word' id='word_1_56' title='bbox 1183 473 1406 527; x_wconf 82' lang='lat' dir='ltr'>hibernus3</span> <span class='ocrx_word' id='word_1_57' title='bbox 1445 487 1552 527; x_wconf 87' lang='lat' dir='ltr'>quae</span> 
     </span>
     <span class='ocr_line' id='line_1_11' title="bbox 219 529 1552 599; baseline -0.001 -25"><span class='ocrx_word' id='word_1_58' title='bbox 219 533 388 599; x_wconf 81' lang='lat' dir='ltr'>quidem</span> <span class='ocrx_word' id='word_1_59' title='bbox 420 532 551 573; x_wconf 89' lang='lat' dir='ltr'>etiam</span> <span class='ocrx_word' id='word_1_60' title='bbox 581 532 627 572; x_wconf 85' lang='lat' dir='ltr'>in</span> <span class='ocrx_word' id='word_1_61' title='bbox 652 529 821 572; x_wconf 81' lang='lat' dir='ltr'>Sabinis</span> <span class='ocrx_word' id='word_1_62' title='bbox 847 531 1045 586; x_wconf 87' lang='lat' dir='ltr'>persequi</span> <span class='ocrx_word' id='word_1_63' title='bbox 1077 532 1193 573; x_wconf 91' lang='lat' dir='ltr'>soleo</span> <span class='ocrx_word' id='word_1_64' title='bbox 1226 531 1552 586; x_wconf 78' lang='lat' dir='ltr'>conviviumque</span> 
     </span>
     <span class='ocr_line' id='line_1_12' title="bbox 217 589 1553 655; baseline -0.001 -23"><span class='ocrx_word' id='word_1_65' title='bbox 217 591 452 633; x_wconf 88' lang='lat' dir='ltr'>vicinorum</span> <span class='ocrx_word' id='word_1_66' title='bbox 485 590 638 632; x_wconf 81' lang='lat' dir='ltr'>cotidie</span> <span class='ocrx_word' id='word_1_67' title='bbox 670 590 881 644; x_wconf 83' lang='lat' dir='ltr'>compleo,</span> <span class='ocrx_word' id='word_1_68' title='bbox 919 589 1032 655; x_wconf 81' lang='lat' dir='ltr'>quod</span> <span class='ocrx_word' id='word_1_69' title='bbox 1069 589 1122 631; x_wconf 86' lang='lat' dir='ltr'>ad</span> <span class='ocrx_word' id='word_1_70' title='bbox 1159 590 1341 631; x_wconf 89' lang='lat' dir='ltr'>multam</span> <span class='ocrx_word' id='word_1_71' title='bbox 1370 593 1553 645; x_wconf 93' lang='lat' dir='ltr'>noctem,</span> 
     </span>
     <span class='ocr_line' id='line_1_13' title="bbox 218 648 1552 715; baseline -0.001 -24"><span class='ocrx_word' id='word_1_72' title='bbox 218 665 345 704; x_wconf 90' lang='lat' dir='ltr'>quam</span> <span class='ocrx_word' id='word_1_73' title='bbox 377 649 561 690; x_wconf 84' lang='lat' dir='ltr'>maxime</span> <span class='ocrx_word' id='word_1_74' title='bbox 592 662 838 703; x_wconf 89' lang='lat' dir='ltr'>possumus,</span> <span class='ocrx_word' id='word_1_75' title='bbox 878 648 998 689; x_wconf 88' lang='lat' dir='ltr'>vario</span> <span class='ocrx_word' id='word_1_76' title='bbox 1037 662 1230 689; x_wconf 86' lang='lat' dir='ltr'>sermone</span> <span class='ocrx_word' id='word_1_77' title='bbox 1266 648 1552 715; x_wconf 74' lang='lat' dir='ltr'>producimus.</span> 
     </span>
     <span class='ocr_line' id='line_1_14' title="bbox 218 706 1607 762; baseline -0.001 -12"><span class='ocrx_word' id='word_1_78' title='bbox 218 708 278 750; x_wconf 89' lang='lat' dir='ltr'>At</span> <span class='ocrx_word' id='word_1_79' title='bbox 308 722 394 749; x_wconf 91' lang='lat' dir='ltr'>non</span> <span class='ocrx_word' id='word_1_80' title='bbox 426 710 491 748; x_wconf 89' lang='lat' dir='ltr'>est</span> <span class='ocrx_word' id='word_1_81' title='bbox 522 707 794 762; x_wconf 89' lang='lat' dir='ltr'>voluptatum</span> <span class='ocrx_word' id='word_1_82' title='bbox 825 709 949 748; x_wconf 88' lang='lat' dir='ltr'>tanta</span> <span class='ocrx_word' id='word_1_83' title='bbox 987 707 1110 760; x_wconf 85' lang='lat' dir='ltr'>quasi</span> <span class='ocrx_word' id='word_1_84' title='bbox 1140 706 1337 748; x_wconf 88' lang='lat' dir='ltr'>titillatio</span> <span class='ocrx_word' id='word_1_85' title='bbox 1369 707 1415 748; x_wconf 89' lang='lat' dir='ltr'>in</span> <span class='ocrx_word' id='word_1_86' title='bbox 1447 707 1607 749; x_wconf 82' lang='lat' dir='ltr'>seni-10</span> 
     </span>
     <span class='ocr_line' id='line_1_15' title="bbox 218 765 1553 820; baseline -0.001 -12"><span class='ocrx_word' id='word_1_87' title='bbox 218 768 307 808; x_wconf 89' lang='lat' dir='ltr'>bus.</span> <span class='ocrx_word' id='word_1_88' title='bbox 364 765 519 820; x_wconf 80' lang='lat' dir='ltr'>Credo,</span> <span class='ocrx_word' id='word_1_89' title='bbox 558 766 632 807; x_wconf 88' lang='lat' dir='ltr'>sed</span> <span class='ocrx_word' id='word_1_90' title='bbox 668 781 720 807; x_wconf 89' lang='lat' dir='ltr'>ne</span> <span class='ocrx_word' id='word_1_91' title='bbox 753 765 1007 806; x_wconf 86' lang='lat' dir='ltr'>desideratio</span> <span class='ocrx_word' id='word_1_92' title='bbox 1040 765 1228 819; x_wconf 83' lang='lat' dir='ltr'>quidem3</span> <span class='ocrx_word' id='word_1_93' title='bbox 1268 765 1377 806; x_wconf 89' lang='lat' dir='ltr'>nihil</span> <span class='ocrx_word' id='word_1_94' title='bbox 1410 768 1553 807; x_wconf 88' lang='lat' dir='ltr'>autem</span> 
     </span>
     <span class='ocr_line' id='line_1_16' title="bbox 217 822 1554 879; baseline 0 -13"><span class='ocrx_word' id='word_1_95' title='bbox 217 828 283 866; x_wconf 87' lang='lat' dir='ltr'>est</span> <span class='ocrx_word' id='word_1_96' title='bbox 314 825 562 878; x_wconf 89' lang='lat' dir='ltr'>molestum,</span> <span class='ocrx_word' id='word_1_97' title='bbox 601 825 713 879; x_wconf 84' lang='lat' dir='ltr'>quod</span> <span class='ocrx_word' id='word_1_98' title='bbox 750 839 837 865; x_wconf 89' lang='lat' dir='ltr'>non</span> <span class='ocrx_word' id='word_1_99' title='bbox 874 824 1098 865; x_wconf 88' lang='lat' dir='ltr'>desideres.</span> <span class='ocrx_word' id='word_1_100' title='bbox 1158 822 1276 865; x_wconf 88' lang='lat' dir='ltr'>Bene</span> <span class='ocrx_word' id='word_1_101' title='bbox 1307 822 1554 879; x_wconf 84' lang='lat' dir='ltr'>Sophocles,</span> 
     </span>
     <span class='ocr_line' id='line_1_17' title="bbox 217 882 1554 937; baseline -0.001 -12"><span class='ocrx_word' id='word_1_102' title='bbox 217 899 313 926; x_wconf 91' lang='lat' dir='ltr'>cum</span> <span class='ocrx_word' id='word_1_103' title='bbox 333 898 382 924; x_wconf 78' lang='lat' dir='ltr'>ex</span> <span class='ocrx_word' id='word_1_104' title='bbox 409 897 457 925; x_wconf 90' lang='lat' dir='ltr'>eo</span> <span class='ocrx_word' id='word_1_105' title='bbox 484 883 657 937; x_wconf 88' lang='lat' dir='ltr'>quidam</span> <span class='ocrx_word' id='word_1_106' title='bbox 682 883 768 924; x_wconf 89' lang='lat' dir='ltr'>iam</span> <span class='ocrx_word' id='word_1_107' title='bbox 795 882 961 924; x_wconf 89' lang='lat' dir='ltr'>adfecto</span> <span class='ocrx_word' id='word_1_108' title='bbox 988 885 1129 924; x_wconf 86' lang='lat' dir='ltr'>aetate</span> <span class='ocrx_word' id='word_1_109' title='bbox 1156 885 1391 936; x_wconf 89' lang='lat' dir='ltr'>quaereret,</span> <span class='ocrx_word' id='word_1_110' title='bbox 1417 885 1554 924; x_wconf 87' lang='lat' dir='ltr'>utere-</span> 
     </span>
     <span class='ocr_line' id='line_1_18' title="bbox 217 940 1554 995; baseline 0 -12"><span class='ocrx_word' id='word_1_111' title='bbox 217 945 342 984; x_wconf 87' lang='lat' dir='ltr'>turne</span> <span class='ocrx_word' id='word_1_112' title='bbox 367 942 492 983; x_wconf 91' lang='lat' dir='ltr'>rebus</span> <span class='ocrx_word' id='word_1_113' title='bbox 513 942 712 983; x_wconf 89' lang='lat' dir='ltr'>veneriis:</span> <span class='ocrx_word' id='word_1_114' title='bbox 739 941 822 982; x_wconf 72' lang='lat' dir='ltr'>‘Di</span> <span class='ocrx_word' id='word_1_115' title='bbox 848 940 1098 982; x_wconf 79' lang='lat' dir='ltr'>meliora!&#39;</span> <span class='ocrx_word' id='word_1_116' title='bbox 1124 941 1282 995; x_wconf 70' lang='lat' dir='ltr'>inquit,</span> <span class='ocrx_word' id='word_1_117' title='bbox 1308 940 1554 983; x_wconf 69' lang='lat' dir='ltr'>‘libenter</span> 
     </span>
     <span class='ocr_line' id='line_1_19' title="bbox 217 999 1607 1055; baseline -0.001 -12"><span class='ocrx_word' id='word_1_118' title='bbox 217 1016 335 1043; x_wconf 89' lang='lat' dir='ltr'>vero</span> <span class='ocrx_word' id='word_1_119' title='bbox 369 1000 525 1042; x_wconf 88' lang='lat' dir='ltr'>istinc</span> <span class='ocrx_word' id='word_1_120' title='bbox 557 1000 691 1042; x_wconf 90' lang='lat' dir='ltr'>sicut</span> <span class='ocrx_word' id='word_1_121' title='bbox 717 1000 776 1042; x_wconf 88' lang='lat' dir='ltr'>ab</span> <span class='ocrx_word' id='word_1_122' title='bbox 810 1000 1010 1041; x_wconf 87' lang='lat' dir='ltr'>domino</span> <span class='ocrx_word' id='word_1_123' title='bbox 1043 999 1239 1055; x_wconf 83' lang='lat' dir='ltr'>agresti</span> <span class='ocrx_word' id='word_1_124' title='bbox 1271 1014 1325 1041; x_wconf 88' lang='lat' dir='ltr'>ac</span> <span class='ocrx_word' id='word_1_125' title='bbox 1355 999 1552 1042; x_wconf 88' lang='lat' dir='ltr'>furioso</span> <span class='ocrx_word' id='word_1_126' title='bbox 1574 1011 1607 1036; x_wconf 85' lang='lat'>15</span> 
     </span>
     <span class='ocr_line' id='line_1_20' title="bbox 217 1057 1554 1116; baseline -0.001 -15"><span class='ocrx_word' id='word_1_127' title='bbox 217 1059 366 1116; x_wconf 91' lang='lat' dir='ltr'>profu</span> <span class='ocrx_word' id='word_1_128' title='bbox 377 1058 452 1114; x_wconf 68' lang='lat' dir='ltr'>gi.³</span> <span class='ocrx_word' id='word_1_129' title='bbox 491 1058 666 1114; x_wconf 86' lang='lat' dir='ltr'>Cupidis</span> <span class='ocrx_word' id='word_1_130' title='bbox 688 1059 800 1100; x_wconf 88' lang='lat' dir='ltr'>enim</span> <span class='ocrx_word' id='word_1_131' title='bbox 820 1073 962 1100; x_wconf 89' lang='lat' dir='ltr'>rerum</span> <span class='ocrx_word' id='word_1_132' title='bbox 981 1057 1134 1099; x_wconf 88' lang='lat' dir='ltr'>talium</span> <span class='ocrx_word' id='word_1_133' title='bbox 1155 1058 1349 1099; x_wconf 89' lang='lat' dir='ltr'>odiosum</span> <span class='ocrx_word' id='word_1_134' title='bbox 1368 1058 1554 1100; x_wconf 88' lang='lat' dir='ltr'>fortasse</span> 
     </span>
     <span class='ocr_line' id='line_1_21' title="bbox 219 1117 1554 1171; baseline -0.001 -12"><span class='ocrx_word' id='word_1_135' title='bbox 219 1121 262 1159; x_wconf 90' lang='lat' dir='ltr'>et</span> <span class='ocrx_word' id='word_1_136' title='bbox 288 1119 516 1159; x_wconf 86' lang='lat' dir='ltr'>molestum</span> <span class='ocrx_word' id='word_1_137' title='bbox 543 1120 608 1159; x_wconf 90' lang='lat' dir='ltr'>est</span> <span class='ocrx_word' id='word_1_138' title='bbox 634 1132 788 1171; x_wconf 87' lang='lat' dir='ltr'>carere,</span> <span class='ocrx_word' id='word_1_139' title='bbox 815 1117 982 1158; x_wconf 88' lang='lat' dir='ltr'>satiatis</span> <span class='ocrx_word' id='word_1_140' title='bbox 1009 1131 1109 1158; x_wconf 88' lang='lat' dir='ltr'>vero</span> <span class='ocrx_word' id='word_1_141' title='bbox 1137 1119 1179 1158; x_wconf 91' lang='lat' dir='ltr'>et</span> <span class='ocrx_word' id='word_1_142' title='bbox 1211 1117 1392 1171; x_wconf 87' lang='lat' dir='ltr'>expletis</span> <span class='ocrx_word' id='word_1_143' title='bbox 1412 1117 1554 1159; x_wconf 82' lang='lat' dir='ltr'>iucun-</span> 
     </span>
     <span class='ocr_line' id='line_1_22' title="bbox 219 1175 1554 1230; baseline -0.001 -12"><span class='ocrx_word' id='word_1_144' title='bbox 219 1177 312 1218; x_wconf 90' lang='lat' dir='ltr'>dius</span> <span class='ocrx_word' id='word_1_145' title='bbox 333 1179 398 1217; x_wconf 89' lang='lat' dir='ltr'>est</span> <span class='ocrx_word' id='word_1_146' title='bbox 417 1191 559 1218; x_wconf 89' lang='lat' dir='ltr'>carere</span> <span class='ocrx_word' id='word_1_147' title='bbox 579 1191 708 1230; x_wconf 89' lang='lat' dir='ltr'>quam</span> <span class='ocrx_word' id='word_1_148' title='bbox 727 1176 822 1217; x_wconf 88' lang='lat' dir='ltr'>frui.</span> <span class='ocrx_word' id='word_1_149' title='bbox 867 1175 1135 1229; x_wconf 86' lang='lat' dir='ltr'>Quamquam</span> <span class='ocrx_word' id='word_1_150' title='bbox 1159 1190 1246 1217; x_wconf 90' lang='lat' dir='ltr'>non</span> <span class='ocrx_word' id='word_1_151' title='bbox 1271 1178 1388 1217; x_wconf 89' lang='lat' dir='ltr'>caret</span> <span class='ocrx_word' id='word_1_152' title='bbox 1406 1176 1455 1229; x_wconf 90' lang='lat' dir='ltr'>is,</span> <span class='ocrx_word' id='word_1_153' title='bbox 1481 1176 1554 1230; x_wconf 93' lang='lat' dir='ltr'>qui</span> 
     </span>
     <span class='ocr_line' id='line_1_23' title="bbox 219 1234 1553 1290; baseline -0.001 -14"><span class='ocrx_word' id='word_1_154' title='bbox 219 1250 305 1277; x_wconf 88' lang='lat' dir='ltr'>non</span> <span class='ocrx_word' id='word_1_155' title='bbox 325 1235 553 1288; x_wconf 84' lang='lat' dir='ltr'>desiderat3</span> <span class='ocrx_word' id='word_1_156' title='bbox 579 1249 681 1290; x_wconf 85' lang='lat' dir='ltr'>ergo</span> <span class='ocrx_word' id='word_1_157' title='bbox 708 1235 789 1275; x_wconf 92' lang='lat' dir='ltr'>hoc</span> <span class='ocrx_word' id='word_1_158' title='bbox 813 1249 898 1275; x_wconf 88' lang='lat' dir='ltr'>non</span> <span class='ocrx_word' id='word_1_159' title='bbox 919 1234 1157 1275; x_wconf 87' lang='lat' dir='ltr'>desiderare</span> <span class='ocrx_word' id='word_1_160' title='bbox 1178 1234 1270 1276; x_wconf 91' lang='grc'>(1160</span> <span class='ocrx_word' id='word_1_161' title='bbox 1295 1248 1386 1276; x_wconf 90' lang='grc'><strong>6556</strong></span> <span class='ocrx_word' id='word_1_162' title='bbox 1411 1234 1553 1275; x_wconf 83' lang='grc'>11161111-</span> 
     </span>
     <span class='ocr_line' id='line_1_24' title="bbox 220 1292 1607 1348; baseline -0.001 -13"><span class='ocrx_word' id='word_1_163' title='bbox 220 1294 323 1335; x_wconf 89' lang='lat' dir='ltr'>dius.</span> <span class='ocrx_word' id='word_1_164' title='bbox 368 1293 527 1341; x_wconf 79' lang='lat' dir='ltr'>Quodsi</span> <span class='ocrx_word' id='word_1_165' title='bbox 552 1292 648 1334; x_wconf 88' lang='lat' dir='ltr'>istis</span> <span class='ocrx_word' id='word_1_166' title='bbox 674 1293 779 1348; x_wconf 90' lang='lat' dir='ltr'>ipsis</span> <span class='ocrx_word' id='word_1_167' title='bbox 805 1292 1101 1347; x_wconf 88' lang='lat' dir='ltr'>voluptatibus</span> <span class='ocrx_word' id='word_1_168' title='bbox 1125 1293 1238 1333; x_wconf 91' lang='lat' dir='ltr'>bona</span> <span class='ocrx_word' id='word_1_169' title='bbox 1259 1295 1377 1334; x_wconf 89' lang='lat' dir='ltr'>aetas</span> <span class='ocrx_word' id='word_1_170' title='bbox 1396 1292 1554 1334; x_wconf 88' lang='lat' dir='ltr'>fruitur</span> <span class='ocrx_word' id='word_1_171' title='bbox 1573 1304 1607 1329; x_wconf 86' lang='lat'>2⁰</span> 
     </span>
     <span class='ocr_line' id='line_1_25' title="bbox 218 1346 1663 1406; baseline 0 -13"><span class='ocrx_word' id='word_1_172' title='bbox 218 1353 439 1405; x_wconf 86' lang='lat' dir='ltr'>libentius,</span> <span class='ocrx_word' id='word_1_173' title='bbox 471 1352 657 1406; x_wconf 91' lang='lat' dir='ltr'>primum</span> <span class='ocrx_word' id='word_1_174' title='bbox 688 1352 878 1406; x_wconf 88' lang='lat' dir='ltr'>parvulis</span> <span class='ocrx_word' id='word_1_175' title='bbox 910 1351 1067 1392; x_wconf 89' lang='lat' dir='ltr'>fruitur</span> <span class='ocrx_word' id='word_1_176' title='bbox 1098 1351 1246 1405; x_wconf 80' lang='lat' dir='ltr'>rebus,</span> <span class='ocrx_word' id='word_1_177' title='bbox 1278 1354 1326 1392; x_wconf 91' lang='lat' dir='ltr'>ut</span> <span class='ocrx_word' id='word_1_178' title='bbox 1358 1351 1554 1406; x_wconf 84' lang='lat' dir='ltr'>diximus,</span> <span class='ocrx_word' id='word_1_179' title='bbox 1659 1346 1663 1370; x_wconf 60' lang='lat'>⁴²</span> 
     </span>
     <span class='ocr_line' id='line_1_26' title="bbox 220 1409 1554 1464; baseline -0.001 -12"><span class='ocrx_word' id='word_1_180' title='bbox 220 1412 367 1452; x_wconf 90' lang='lat' dir='ltr'>deinde</span> <span class='ocrx_word' id='word_1_181' title='bbox 399 1411 469 1464; x_wconf 91' lang='lat' dir='ltr'>iis,</span> <span class='ocrx_word' id='word_1_182' title='bbox 508 1410 661 1464; x_wconf 88' lang='lat' dir='ltr'>quibus</span> <span class='ocrx_word' id='word_1_183' title='bbox 701 1412 894 1451; x_wconf 89' lang='lat' dir='ltr'>senectus</span> <span class='ocrx_word' id='word_1_184' title='bbox 933 1409 1102 1450; x_wconf 88' lang='lat' dir='ltr'>etiamsi</span> <span class='ocrx_word' id='word_1_185' title='bbox 1138 1424 1225 1451; x_wconf 91' lang='lat' dir='ltr'>non</span> <span class='ocrx_word' id='word_1_186' title='bbox 1253 1410 1419 1451; x_wconf 88' lang='lat' dir='ltr'>abunde</span> <span class='ocrx_word' id='word_1_187' title='bbox 1445 1410 1554 1464; x_wconf 90' lang='lat' dir='ltr'>poti-</span> 
     </span>
     <span class='ocr_line' id='line_1_27' title="bbox 219 1467 1552 1524; baseline -0.001 -13"><span class='ocrx_word' id='word_1_188' title='bbox 219 1473 300 1523; x_wconf 89' lang='lat' dir='ltr'>tur,</span> <span class='ocrx_word' id='word_1_189' title='bbox 332 1484 417 1510; x_wconf 88' lang='lat' dir='ltr'>non</span> <span class='ocrx_word' id='word_1_190' title='bbox 448 1469 620 1510; x_wconf 87' lang='lat' dir='ltr'>omnino</span> <span class='ocrx_word' id='word_1_191' title='bbox 653 1472 780 1510; x_wconf 85' lang='lat' dir='ltr'>caret.</span> <span class='ocrx_word' id='word_1_192' title='bbox 840 1467 901 1510; x_wconf 89' lang='lat' dir='ltr'>Ut</span> <span class='ocrx_word' id='word_1_193' title='bbox 934 1467 1147 1523; x_wconf 83' lang='lat' dir='ltr'>Turpione</span> <span class='ocrx_word' id='word_1_194' title='bbox 1179 1467 1381 1510; x_wconf 87' lang='lat' dir='ltr'>Ambivio</span> <span class='ocrx_word' id='word_1_195' title='bbox 1414 1469 1552 1524; x_wconf 86' lang='lat' dir='ltr'>magis</span> 
     </span>
     <span class='ocr_line' id='line_1_28' title="bbox 220 1527 1553 1582; baseline -0.001 -13"><span class='ocrx_word' id='word_1_196' title='bbox 220 1529 471 1581; x_wconf 84' lang='lat' dir='ltr'>delectatur,</span> <span class='ocrx_word' id='word_1_197' title='bbox 522 1527 593 1582; x_wconf 90' lang='lat' dir='ltr'>qui</span> <span class='ocrx_word' id='word_1_198' title='bbox 636 1527 681 1568; x_wconf 89' lang='lat' dir='ltr'>in</span> <span class='ocrx_word' id='word_1_199' title='bbox 724 1527 864 1582; x_wconf 88' lang='lat' dir='ltr'>prima</span> <span class='ocrx_word' id='word_1_200' title='bbox 906 1541 1034 1568; x_wconf 88' lang='lat' dir='ltr'>cavea</span> <span class='ocrx_word' id='word_1_201' title='bbox 1083 1529 1268 1581; x_wconf 89' lang='lat' dir='ltr'>spectat,</span> <span class='ocrx_word' id='word_1_202' title='bbox 1319 1527 1553 1569; x_wconf 86' lang='lat' dir='ltr'>delectatur</span> 
     </span>
     <span class='ocr_line' id='line_1_29' title="bbox 219 1585 1606 1641; baseline -0.001 -13"><span class='ocrx_word' id='word_1_203' title='bbox 219 1590 365 1629; x_wconf 89' lang='lat' dir='ltr'>tamen</span> <span class='ocrx_word' id='word_1_204' title='bbox 397 1586 537 1640; x_wconf 86' lang='lat' dir='ltr'>etiam,</span> <span class='ocrx_word' id='word_1_205' title='bbox 570 1586 642 1640; x_wconf 90' lang='lat' dir='ltr'>qui</span> <span class='ocrx_word' id='word_1_206' title='bbox 673 1586 717 1626; x_wconf 89' lang='lat' dir='ltr'>in</span> <span class='ocrx_word' id='word_1_207' title='bbox 748 1586 919 1639; x_wconf 88' lang='lat' dir='ltr'>ultima,</span> <span class='ocrx_word' id='word_1_208' title='bbox 951 1585 1011 1626; x_wconf 92' lang='lat' dir='ltr'>sic</span> <span class='ocrx_word' id='word_1_209' title='bbox 1043 1585 1331 1627; x_wconf 88' lang='lat' dir='ltr'>adulescentia</span> <span class='ocrx_word' id='word_1_210' title='bbox 1361 1587 1553 1641; x_wconf 87' lang='lat' dir='ltr'>volupta-</span> <span class='ocrx_word' id='word_1_211' title='bbox 1574 1595 1606 1622; x_wconf 81' lang='lat'>25</span> 
     </span>
     <span class='ocr_line' id='line_1_30' title="bbox 220 1643 1553 1700; baseline -0.001 -13"><span class='ocrx_word' id='word_1_212' title='bbox 220 1649 286 1687; x_wconf 89' lang='lat' dir='ltr'>tes</span> <span class='ocrx_word' id='word_1_213' title='bbox 317 1648 493 1700; x_wconf 86' lang='lat' dir='ltr'>propter</span> <span class='ocrx_word' id='word_1_214' title='bbox 529 1644 698 1686; x_wconf 89' lang='lat' dir='ltr'>intuens</span> <span class='ocrx_word' id='word_1_215' title='bbox 738 1644 876 1700; x_wconf 87' lang='lat' dir='ltr'>magis</span> <span class='ocrx_word' id='word_1_216' title='bbox 913 1643 1097 1685; x_wconf 88' lang='lat' dir='ltr'>fortasse</span> <span class='ocrx_word' id='word_1_217' title='bbox 1135 1645 1339 1698; x_wconf 86' lang='lat' dir='ltr'>laetatur,</span> <span class='ocrx_word' id='word_1_218' title='bbox 1377 1644 1450 1685; x_wconf 90' lang='lat' dir='ltr'>sed</span> <span class='ocrx_word' id='word_1_219' title='bbox 1488 1644 1553 1686; x_wconf 89' lang='lat' dir='ltr'>de-</span> 
     </span>
     <span class='ocr_line' id='line_1_31' title="bbox 220 1703 1553 1757; baseline -0.002 -11"><span class='ocrx_word' id='word_1_220' title='bbox 220 1705 404 1746; x_wconf 87' lang='lat' dir='ltr'>lectatur</span> <span class='ocrx_word' id='word_1_221' title='bbox 441 1704 571 1744; x_wconf 90' lang='lat' dir='ltr'>etiam</span> <span class='ocrx_word' id='word_1_222' title='bbox 609 1706 803 1745; x_wconf 89' lang='lat' dir='ltr'>senectus</span> <span class='ocrx_word' id='word_1_223' title='bbox 841 1703 988 1757; x_wconf 88' lang='lat' dir='ltr'>procul</span> <span class='ocrx_word' id='word_1_224' title='bbox 1028 1717 1098 1744; x_wconf 87' lang='lat' dir='ltr'>eas</span> <span class='ocrx_word' id='word_1_225' title='bbox 1137 1706 1333 1757; x_wconf 84' lang='lat' dir='ltr'>spectans</span> <span class='ocrx_word' id='word_1_226' title='bbox 1371 1706 1553 1757; x_wconf 87' lang='lat' dir='ltr'>tantum,</span> 
     </span>
     <span class='ocr_line' id='line_1_32' title="bbox 222 1761 1553 1817; baseline -0.002 -13"><span class='ocrx_word' id='word_1_227' title='bbox 222 1765 429 1817; x_wconf 87' lang='lat' dir='ltr'>quantum</span> <span class='ocrx_word' id='word_1_228' title='bbox 461 1765 530 1803; x_wconf 90' lang='lat' dir='ltr'>sat</span> <span class='ocrx_word' id='word_1_229' title='bbox 561 1764 637 1803; x_wconf 87' lang='lat' dir='ltr'>est.</span> <span class='ocrx_word' id='word_1_230' title='bbox 698 1762 758 1802; x_wconf 91' lang='lat' dir='ltr'>At</span> <span class='ocrx_word' id='word_1_231' title='bbox 788 1761 865 1802; x_wconf 91' lang='lat' dir='ltr'>illa</span> <span class='ocrx_word' id='word_1_232' title='bbox 897 1761 1046 1815; x_wconf 89' lang='lat' dir='ltr'>quanti</span> <span class='ocrx_word' id='word_1_233' title='bbox 1078 1764 1193 1815; x_wconf 88' lang='lat' dir='ltr'>sunt,</span> <span class='ocrx_word' id='word_1_234' title='bbox 1226 1762 1415 1803; x_wconf 85' lang='lat' dir='ltr'>animum</span> <span class='ocrx_word' id='word_1_235' title='bbox 1447 1764 1553 1803; x_wconf 88' lang='lat' dir='ltr'>tam—</span> 
     </span>
     <span class='ocr_line' id='line_1_33' title="bbox 223 1820 1553 1876; baseline -0.001 -14"><span class='ocrx_word' id='word_1_236' title='bbox 223 1837 350 1876; x_wconf 87' lang='lat' dir='ltr'>quam</span> <span class='ocrx_word' id='word_1_237' title='bbox 383 1821 570 1862; x_wconf 88' lang='lat' dir='ltr'>emeritis</span> <span class='ocrx_word' id='word_1_238' title='bbox 603 1820 825 1874; x_wconf 87' lang='lat' dir='ltr'>stipendiis</span> <span class='ocrx_word' id='word_1_239' title='bbox 858 1820 1059 1874; x_wconf 67' lang='lat' dir='ltr'>libidinis,</span> <span class='ocrx_word' id='word_1_240' title='bbox 1095 1820 1353 1874; x_wconf 84' lang='lat' dir='ltr'>ambitionis,</span> <span class='ocrx_word' id='word_1_241' title='bbox 1385 1823 1553 1862; x_wconf 88' lang='lat' dir='ltr'>conten-</span> 
     </span>
     <span class='ocr_line' id='line_1_34' title="bbox 221 1879 1605 1933; baseline -0.001 -12"><span class='ocrx_word' id='word_1_242' title='bbox 221 1881 364 1930; x_wconf 87' lang='lat' dir='ltr'>tionis,</span> <span class='ocrx_word' id='word_1_243' title='bbox 393 1879 729 1933; x_wconf 85' lang='lat' dir='ltr'>inimicitiarum,</span> <span class='ocrx_word' id='word_1_244' title='bbox 760 1879 1040 1933; x_wconf 86' lang='lat' dir='ltr'>cupiditatum</span> <span class='ocrx_word' id='word_1_245' title='bbox 1073 1879 1261 1920; x_wconf 87' lang='lat' dir='ltr'>omnium</span> <span class='ocrx_word' id='word_1_246' title='bbox 1294 1893 1435 1920; x_wconf 88' lang='lat' dir='ltr'>secum</span> <span class='ocrx_word' id='word_1_247' title='bbox 1462 1894 1553 1920; x_wconf 91' lang='lat' dir='ltr'>esse</span> <span class='ocrx_word' id='word_1_248' title='bbox 1572 1889 1605 1914; x_wconf 85' lang='lat'>³⁰</span> 
     </span>
     <span class='ocr_line' id='line_1_35' title="bbox 224 1936 1554 1993; baseline 0 -14"><span class='ocrx_word' id='word_1_249' title='bbox 224 1953 459 1993; x_wconf 88' lang='lat' dir='ltr'>secumque,</span> <span class='ocrx_word' id='word_1_250' title='bbox 480 1940 527 1979; x_wconf 92' lang='lat' dir='ltr'>ut</span> <span class='ocrx_word' id='word_1_251' title='bbox 547 1938 712 1991; x_wconf 87' lang='lat' dir='ltr'>dicitur,</span> <span class='ocrx_word' id='word_1_252' title='bbox 730 1938 888 1979; x_wconf 90' lang='lat' dir='ltr'>vivere!</span> <span class='ocrx_word' id='word_1_253' title='bbox 922 1936 966 1978; x_wconf 85' lang='lat' dir='ltr'>Si</span> <span class='ocrx_word' id='word_1_254' title='bbox 986 1952 1085 1979; x_wconf 89' lang='lat' dir='ltr'>vero</span> <span class='ocrx_word' id='word_1_255' title='bbox 1105 1937 1237 1978; x_wconf 87' lang='lat' dir='ltr'>habet</span> <span class='ocrx_word' id='word_1_256' title='bbox 1257 1938 1429 1992; x_wconf 89' lang='lat' dir='ltr'>aliquod</span> <span class='ocrx_word' id='word_1_257' title='bbox 1448 1940 1554 1979; x_wconf 90' lang='lat' dir='ltr'>tam-</span> 
     </span>
     <span class='ocr_line' id='line_1_36' title="bbox 224 1996 1554 2051; baseline 0 -13"><span class='ocrx_word' id='word_1_258' title='bbox 224 2012 351 2051; x_wconf 89' lang='lat' dir='ltr'>quam</span> <span class='ocrx_word' id='word_1_259' title='bbox 383 1997 588 2051; x_wconf 87' lang='lat' dir='ltr'>pabulum</span> <span class='ocrx_word' id='word_1_260' title='bbox 622 1996 750 2038; x_wconf 91' lang='lat' dir='ltr'>studii</span> <span class='ocrx_word' id='word_1_261' title='bbox 776 1999 903 2050; x_wconf 90' lang='lat' dir='ltr'>atque</span> <span class='ocrx_word' id='word_1_262' title='bbox 930 1996 1158 2049; x_wconf 87' lang='lat' dir='ltr'>doctrinae,</span> <span class='ocrx_word' id='word_1_263' title='bbox 1189 1996 1297 2037; x_wconf 89' lang='lat' dir='ltr'>nihil</span> <span class='ocrx_word' id='word_1_264' title='bbox 1324 1999 1389 2037; x_wconf 88' lang='lat' dir='ltr'>est</span> <span class='ocrx_word' id='word_1_265' title='bbox 1415 1996 1554 2038; x_wconf 88' lang='lat' dir='ltr'>otiosa</span> 
     </span>
     <span class='ocr_line' id='line_1_37' title="bbox 225 2054 1553 2109; baseline -0.001 -12"><span class='ocrx_word' id='word_1_266' title='bbox 225 2059 440 2097; x_wconf 85' lang='lat' dir='ltr'>senectute</span> <span class='ocrx_word' id='word_1_267' title='bbox 463 2055 697 2097; x_wconf 80' lang='lat' dir='ltr'>iucundius.</span> <span class='ocrx_word' id='word_1_268' title='bbox 739 2054 769 2109; x_wconf 87' lang='lat'>†</span> <span class='ocrx_word' id='word_1_269' title='bbox 788 2054 898 2096; x_wconf 87' lang='lat' dir='ltr'>Mori</span> <span class='ocrx_word' id='word_1_270' title='bbox 917 2055 1165 2096; x_wconf 90' lang='lat' dir='ltr'>videbamus</span> <span class='ocrx_word' id='word_1_271' title='bbox 1191 2054 1235 2095; x_wconf 87' lang='lat' dir='ltr'>in</span> <span class='ocrx_word' id='word_1_272' title='bbox 1260 2055 1400 2096; x_wconf 89' lang='lat' dir='ltr'>studio</span> <span class='ocrx_word' id='word_1_273' title='bbox 1427 2055 1553 2096; x_wconf 88' lang='lat' dir='ltr'>dime-</span> 
     </span>
     <span class='ocr_line' id='line_1_38' title="bbox 224 2112 1552 2168; baseline 0 -13"><span class='ocrx_word' id='word_1_274' title='bbox 224 2114 357 2155; x_wconf 86' lang='lat' dir='ltr'>tiendi</span> <span class='ocrx_word' id='word_1_275' title='bbox 388 2129 521 2168; x_wconf 88' lang='lat' dir='ltr'>paene</span> <span class='ocrx_word' id='word_1_276' title='bbox 553 2114 659 2156; x_wconf 86' lang='lat' dir='ltr'>caeli</span> <span class='ocrx_word' id='word_1_277' title='bbox 691 2116 817 2168; x_wconf 87' lang='lat' dir='ltr'>atque</span> <span class='ocrx_word' id='word_1_278' title='bbox 847 2116 987 2154; x_wconf 89' lang='lat' dir='ltr'>terrae</span> <span class='ocrx_word' id='word_1_279' title='bbox 1020 2112 1064 2154; x_wconf 85' lang='lat' dir='ltr'>C.</span> <span class='ocrx_word' id='word_1_280' title='bbox 1098 2112 1264 2166; x_wconf 84' lang='lat' dir='ltr'>Galum,</span> <span class='ocrx_word' id='word_1_281' title='bbox 1296 2113 1552 2155; x_wconf 88' lang='lat' dir='ltr'>familiarem</span> 
     </span>
     <span class='ocr_line' id='line_1_39' title="bbox 224 2171 1663 2227; baseline -0.001 -13"><span class='ocrx_word' id='word_1_282' title='bbox 224 2174 360 2227; x_wconf 87' lang='lat' dir='ltr'>patris</span> <span class='ocrx_word' id='word_1_283' title='bbox 398 2173 477 2226; x_wconf 90' lang='lat' dir='ltr'>tui,</span> <span class='ocrx_word' id='word_1_284' title='bbox 519 2171 678 2227; x_wconf 82' lang='lat' dir='ltr'>Scipi03</span> <span class='ocrx_word' id='word_1_285' title='bbox 723 2172 917 2226; x_wconf 90' lang='lat' dir='ltr'>quotiens</span> <span class='ocrx_word' id='word_1_286' title='bbox 956 2172 1079 2213; x_wconf 86' lang='lat' dir='ltr'>illum</span> <span class='ocrx_word' id='word_1_287' title='bbox 1116 2172 1188 2213; x_wconf 89' lang='lat' dir='ltr'>lux</span> <span class='ocrx_word' id='word_1_288' title='bbox 1225 2175 1354 2213; x_wconf 89' lang='lat' dir='ltr'>noctu</span> <span class='ocrx_word' id='word_1_289' title='bbox 1392 2172 1553 2226; x_wconf 85' lang='lat' dir='ltr'>aliquid</span> <span class='ocrx_word' id='word_1_290' title='bbox 1571 2181 1602 2208; x_wconf 78' lang='lat'>³⁵</span> <span class='ocrx_word' id='word_1_291' title='bbox 1660 2174 1663 2200; x_wconf 74' lang='lat'><em>‘</em></span> 
     </span>
     <span class='ocr_line' id='line_1_40' title="bbox 225 2226 1663 2286; baseline -0.001 -13"><span class='ocrx_word' id='word_1_292' title='bbox 225 2231 460 2273; x_wconf 84' lang='lat' dir='ltr'>describere</span> <span class='ocrx_word' id='word_1_293' title='bbox 480 2231 731 2286; x_wconf 87' lang='lat' dir='ltr'>ingressum,</span> <span class='ocrx_word' id='word_1_294' title='bbox 751 2231 946 2285; x_wconf 88' lang='lat' dir='ltr'>quotiens</span> <span class='ocrx_word' id='word_1_295' title='bbox 966 2245 1049 2271; x_wconf 88' lang='lat' dir='ltr'>nox</span> <span class='ocrx_word' id='word_1_296' title='bbox 1070 2231 1294 2285; x_wconf 87' lang='lat' dir='ltr'>oppressit,</span> <span class='ocrx_word' id='word_1_297' title='bbox 1314 2245 1409 2272; x_wconf 91' lang='lat' dir='ltr'>cum</span> <span class='ocrx_word' id='word_1_298' title='bbox 1430 2245 1552 2272; x_wconf 83' lang='lat' dir='ltr'>mane</span> <span class='ocrx_word' id='word_1_299' title='bbox 1644 2226 1663 2259; x_wconf 45' lang='lat' dir='ltr'>l?</span> 
     </span>
     <span class='ocr_line' id='line_1_41' title="bbox 224 2288 1611 2344; baseline -0.002 -13"><span class='ocrx_word' id='word_1_300' title='bbox 224 2290 451 2344; x_wconf 88' lang='lat' dir='ltr'>coepisset!</span> <span class='ocrx_word' id='word_1_301' title='bbox 498 2305 625 2344; x_wconf 87' lang='lat' dir='ltr'>quam</span> <span class='ocrx_word' id='word_1_302' title='bbox 663 2289 903 2331; x_wconf 88' lang='lat' dir='ltr'>delectabat</span> <span class='ocrx_word' id='word_1_303' title='bbox 940 2303 1036 2330; x_wconf 90' lang='lat' dir='ltr'>eum</span> <span class='ocrx_word' id='word_1_304' title='bbox 1073 2288 1329 2331; x_wconf 88' lang='lat' dir='ltr'>defectiones</span> <span class='ocrx_word' id='word_1_305' title='bbox 1368 2290 1472 2331; x_wconf 85' lang='lat' dir='ltr'>solis</span> <span class='ocrx_word' id='word_1_306' title='bbox 1510 2291 1551 2332; x_wconf 87' lang='lat' dir='ltr'>et</span> <span class='ocrx_word' id='word_1_307' title='bbox 1608 2320 1611 2328; x_wconf 37' lang='lat'><em>1</em></span> 
     </span>
    </p>
   </div>
   <div class='ocr_carea' id='block_1_6' title="bbox 1600 386 1663 2490">
    <p class='ocr_par' dir='ltr' id='par_1_6' title="bbox 1600 386 1663 2490">
     <span class='ocr_line' id='line_1_42' title="bbox 1635 386 1663 971; baseline 0 0"><span class='ocrx_word' id='word_1_308' title='bbox 1635 386 1663 971; x_wconf 95' lang='lat' dir='ltr'>    </span> 
     </span>
     <span class='ocr_line' id='line_1_43' title="bbox 1628 971 1663 1264; baseline 0 -181"><span class='ocrx_word' id='word_1_309' title='bbox 1628 971 1663 1264; x_wconf 95' lang='lat' dir='ltr'>  </span> 
     </span>
     <span class='ocr_line' id='line_1_44' title="bbox 1621 1264 1657 1557; baseline 0 -181"><span class='ocrx_word' id='word_1_310' title='bbox 1621 1264 1657 1557; x_wconf 95' lang='lat' dir='ltr'>  </span> 
     </span>
     <span class='ocr_line' id='line_1_45' title="bbox 1609 1557 1652 2143; baseline 0 0"><span class='ocrx_word' id='word_1_311' title='bbox 1609 1557 1652 2143; x_wconf 95' lang='lat' dir='ltr'>    </span> 
     </span>
     <span class='ocr_line' id='line_1_46' title="bbox 1600 2255 1639 2490; baseline 0 0"><span class='ocrx_word' id='word_1_312' title='bbox 1600 2255 1639 2490; x_wconf 95' lang='lat' dir='ltr'> </span> 
     </span>
    </p>
   </div>
  </div>
 </body>
</html>
