1673 2505
453 87 752 123 ORATIONUM.
779 89 820 125 A.
846 88 914 123 XV
942 93 1053 123 1-9.
1339 90 1425 131 283

234 193 322 237 Cito
353 196 493 248 rapuit
519 210 595 247 pro
626 209 666 238 se
696 199 991 250 aryumentum,
1026 197 1223 238 iudicasse
1251 197 1425 249 quodam

145 253 260 295 modo
285 286 294 294 .
316 286 323 294 .
345 286 353 294 .
374 287 382 295 .
407 257 453 295 ut
477 254 623 295 bellum
647 256 867 307 yerenclum
898 268 978 297 esse
1007 258 1189 308 censeret,
1219 256 1290 307 qui
1320 269 1425 296 men-

145 312 291 353 tionem
314 313 513 365 pecuniae
540 313 699 364 fecerat.

174 370 211 411 6.
250 368 319 411 Sic
357 373 422 412 est
459 371 574 412 iusta
612 386 740 413 causa
776 371 899 426 belli,
938 371 1064 414 sicuti
1096 370 1277 413 Crassus
1316 387 1426 413 eom-

50 440 67 466 5
86 428 341 470 memoravit
373 444 469 471 eum
501 429 715 484 Iugurtha
744 429 888 472 fuisse.

231 487 503 530 Notissimum
539 492 597 530 est
626 489 825 543 Micipsa,
865 503 953 542 reye
990 489 1232 541 Numidiae,
1269 493 1427 530 mortno

143 546 354 598 trifariam
389 548 494 588 inter
523 547 794 588 Adherbalem
831 551 868 588 et
898 548 1178 600 Hiempsalem
1208 551 1246 589 et
1275 548 1427 601 quur-

144 604 256 646 tliam
286 619 455 658 reynum
483 619 563 647 esse
587 606 784 655 clivisum;
816 620 915 659 quos
941 610 1075 647 tamen
1100 607 1200 648 duos
1225 607 1329 648 idem
1355 607 1427 648 Iu-

139 663 290 716 9urtlia
313 665 473 717 partim
498 665 550 714 vi,
570 665 730 717 partim
755 678 844 706 vero
871 666 1035 706 insidiis
1060 666 1268 717 interfecit.
1312 665 1428 707 Haec

34 734 65 758 ιο
143 722 208 763 illi
241 721 326 774 fuit
360 736 486 764 eausa
514 724 739 775 praecipua
771 724 917 765 bellum
943 724 1111 776 yerensli
1141 725 1332 766 adversus
1355 738 1427 777 po-

136 781 285 835 pulum
322 781 374 823 R.
437 782 517 833 Qui
557 785 691 823 tamen
721 785 814 834 post
852 782 1000 824 multos
1036 783 1298 835 imperatores
1329 797 1428 836 yra-

141 840 243 881 viter
273 840 457 892 adflictos
487 841 544 882 ad
566 844 788 882 extremum
813 840 855 882 C.
876 841 1019 882 Mario
1044 842 1285 893 imperatore
1315 855 1428 895 supe-

142 901 259 939 ratus
289 903 356 940 est.

174 957 211 998 7.
242 955 342 999 Non
375 958 517 1012 patiar
547 958 658 1000 hanc
691 958 881 999 exaudiri
912 973 1058 1000 vocem
1087 958 1214 999 huius
1240 958 1427 1013 imperii:

34 1027 64 1054 15
83 1015 178 1071 Ego
205 1018 261 1069 te,
286 1016 370 1057 nisi
391 1017 465 1058 das
487 1017 660 1071 aliquid,
685 1016 867 1070 hostem,
895 1017 930 1058 si
957 1017 1058 1071 quid
1085 1017 1261 1071 dederis,
1282 1032 1428 1073 regem

84 1077 126 1116 et
159 1075 321 1116 socium
354 1078 396 1116 et
429 1076 613 1118 amicum
647 1075 857 1117 iudicabo.

229 1134 302 1176 Ad
337 1136 528 1176 tuendam
564 1135 764 1175 rationein
788 1135 961 1187 pudoris
991 1135 1222 1187 exsequitur
1251 1149 1335 1176 non
1367 1136 1429 1177 ele-

142 1207 225 1235 cere
254 1194 452 1246 populum
483 1193 534 1234 R.
571 1193 646 1234 lias
676 1196 891 1246 potestates
927 1194 1060 1246 reyias
1096 1194 1344 1247 nundinari,
1384 1198 1431 1235 ut

143 1252 291 1293 obiecta
315 1253 494 1305 quadam
516 1253 677 1293 senatui
699 1252 805 1303 facie
825 1253 1092 1305 turpitudinis
1112 1253 1156 1294 isl
1172 1253 1231 1294 vel
1250 1254 1430 1294 maxime

32 1322 65 1348 20
140 1312 376 1363 faciendum
394 1324 474 1353 esse
485 1311 742 1364 persuadeat,
767 1312 873 1363 quod
894 1312 950 1352 sit
972 1324 1193 1364 conyruens
1217 1311 1427 1353 honestati.

173 1371 211 1411 8.
249 1385 346 1411 cum
382 1370 456 1410 ille
495 1385 568 1411 rex
605 1370 662 1410 sit
699 1369 968 1423 interfectus,
1013 1369 1125 1411 hunc
1166 1384 1346 1425 puerum
1384 1371 1426 1411 in

85 1427 209 1483 Syria
238 1428 383 1470 fuisse.

232 1520 311 1530 ....
331 1488 448 1530 Haec
465 1491 686 1530 sumuntur
704 1488 751 1529 cle
771 1488 866 1529 loeis
884 1488 1230 1538 coniecturalibus,
1250 1488 1431 1540 quisunt

135 1547 268 1600 primi
302 1548 481 1589 videlicet
515 1548 561 1588 in
591 1547 714 1588 liuius
743 1550 873 1588 status
909 1547 1122 1599 divisione,
1163 1560 1189 1587 a
1226 1547 1430 1588 voluntate

32 1617 66 1643 25
143 1609 180 1647 et
201 1606 406 1658 facultate,
432 1607 458 1647 i.
484 1620 514 1647 e.
541 1602 625 1647 ἀπὸ
653 1603 907 1658 βουλήσεως
930 1603 1002 1646 καὶ
1030 1602 1270 1659 δυνάμεως.
1315 1606 1429 1646 Nam

142 1666 250 1718 quod
272 1666 475 1718 pueritiae
503 1665 605 1716 facit
634 1666 886 1714 mentionem,
918 1664 1138 1706 voluntatis
1168 1667 1226 1705 est
1249 1678 1331 1706 non
1355 1679 1429 1717 po-

143 1725 266 1765 tuisse
301 1723 582 1766 Ptolomaeum
629 1723 870 1776 capitalibus
913 1723 1017 1764 odiis
1060 1723 1270 1776 dissidere,
1313 1737 1429 1775 quem

135 1783 311 1836 puerilis
330 1783 554 1835 infirmitas
573 1783 622 1824 ab
648 1783 771 1823 liuius
795 1782 905 1823 modi
931 1782 1195 1823 obstinatione
1219 1785 1428 1823 revocaret.

141 1842 373 1884 Facultatis
392 1845 448 1883 est
466 1845 612 1893 autem,
638 1842 745 1894 quod
761 1842 824 1882 ait
841 1842 886 1882 in
906 1840 1031 1894 Syria
1052 1841 1193 1893 fuisse,
1218 1844 1265 1881 ut
1287 1841 1429 1882 absens

32 1911 66 1937 30
143 1901 300 1953 copiam
325 1914 407 1942 non
432 1900 618 1942 habuerit
641 1900 754 1941 illius
779 1900 1056 1952 interficiendi,
1085 1912 1201 1952 quem
1226 1899 1430 1940 dicebatur

141 1960 396 2002 interemisse.

172 2019 210 2059 9.
242 2018 386 2073 Atque
418 2018 526 2059 illud
559 2018 690 2059 etiam
723 2020 918 2059 constare
948 2017 1083 2071 video,
1116 2031 1261 2072 regem
1293 2017 1429 2072 illum,

84 2091 179 2118 cum
217 2078 411 2133 reginam
451 2091 642 2118 sororem
682 2092 804 2118 suam
845 2091 988 2118 caram
1021 2078 1324 2130 acceptamque
1357 2090 1430 2131 po-

84 2136 185 2190 pulo
207 2136 405 2177 manibus
433 2136 521 2177 suis
548 2136 819 2189 trucidasset,
845 2134 1120 2176 interfectum
1148 2149 1239 2176 esse
1265 2135 1429 2189 impetu

31 2205 64 2230 35
84 2195 385 2236 multitudinis.

230 2253 434 2307 Coiiyestis
452 2254 567 2296 valde
577 2253 965 2307 praeparationibus
983 2253 1104 2305 fidem
1121 2253 1233 2307 facit,
1259 2256 1306 2294 ut
1326 2253 1431 2293 lianc

141 2313 298 2354 caedem
329 2326 355 2354 a
378 2313 530 2366 populo
562 2314 694 2366 mayis
725 2312 1011 2354 Alexandrino
1046 2312 1201 2364 factam
1229 2311 1430 2365 probaret,
