1663 2490
117 1233 171 1274 10

115 1285 159 1316 40

111 2080 151 2112 41

189 76 271 118 102
712 76 776 111 DE
803 75 1002 111 OFFICIIS

186 183 374 239 quidem,
406 184 480 226 sed
511 199 596 226 non
630 183 735 225 satis
768 184 900 238 acuti,
932 185 1077 226 fictam
1109 187 1152 226 et
1177 185 1521 227 commenticiam

184 243 377 285 fabulam
410 244 625 298 prolatam
658 243 804 284 dicunt
836 258 860 284 a
891 243 1091 297 Platone,
1135 244 1257 298 quasi
1301 258 1402 286 vero
1447 244 1521 286 ille

185 305 261 344 aut
292 302 454 344 factum
485 302 529 343 id
560 316 652 343 esse
685 304 759 343 aut
790 301 882 343 fieri
913 302 1104 356 potuisse
1137 302 1356 344 defendat!
1405 302 1522 345 Haec

186 364 253 402 est
283 361 347 402 vis
380 361 504 402 huius
538 360 655 402 anuli
687 362 730 401 et
761 360 886 402 huius
920 361 1119 415 exempli:
1159 362 1195 402 si
1231 376 1357 403 nemo
1396 362 1522 403 scitu·

185 434 276 473 rus,
314 435 438 474 nemo
476 434 529 460 ne
567 419 861 473 suspicaturus
901 419 1070 473 quidem
1108 420 1182 474 sit,
1223 435 1319 462 cum
1358 420 1522 475 aliquid

186 478 445 533 divitiarum,
476 478 708 533 potentiae,
741 477 1057 531 dominationis,
1088 479 1277 520 libidinis
1310 493 1438 521 causa
1465 479 1524 520 fe·

186 537 313 591 ceris,
362 537 399 578 si
441 537 485 578 id
529 536 593 577 dis
639 536 970 591 hominibusque
1018 536 1212 579 futurum
1256 538 1312 578 sit
1356 552 1523 593 semper

186 597 401 652 ignotum,
435 595 548 636 sisne
578 595 782 637 facturus.
843 594 1019 651 Negant
1049 596 1093 636 id
1124 596 1216 637 fieri
1247 611 1386 651 posse.
1441 596 1523 638 Ne-

187 669 401 710 quaquam
433 657 579 709 potest
608 654 652 695 id
684 654 872 709 quidem3
905 654 977 695 sed
1011 669 1186 708 quaero,
1219 655 1332 709 quod
1362 658 1524 712 negant

185 728 330 768 posse,
368 714 409 754 id
450 713 486 754 si
523 716 687 768 posset,
725 713 928 767 quidnam
964 713 1165 755 facerent.
1226 713 1425 769 Urguent
1456 729 1522 755 ru-

187 772 292 814 stice
325 787 443 825 sane3
473 775 636 827 negant
668 772 779 813 enim
812 786 937 827 posse
970 775 1013 813 et
1044 774 1088 812 in
1121 787 1169 814 eo
1197 775 1411 827 perstant3
1442 773 1524 815 hoc

186 831 363 873 verbum
402 831 503 885 quid
540 831 701 885 valeat,
738 845 825 872 non
856 831 1013 872 vident.
1075 829 1182 872 Cum
1215 831 1328 872 enim
1360 832 1523 886 quaeri-

185 905 298 943 mus,
332 890 367 931 si
400 890 536 931 celare
568 890 753 945 possint,
787 889 886 944 quid
918 889 1073 931 facturi
1106 890 1209 943 sint,
1246 905 1332 931 non
1360 891 1523 945 quaeri-

185 964 298 1003 mus,
336 949 558 1004 possintne
597 949 753 1002 celare,
791 948 864 989 sed
896 951 1117 1002 tamquam
1149 951 1367 990 tormenta
1399 965 1523 1004 quae-

186 1009 284 1050 dam
311 1008 580 1062 adhibemus,
607 1010 671 1062 ut,
705 1007 741 1048 si
767 1008 1064 1062 responderint
1090 1022 1134 1049 se
1160 1008 1402 1062 inpunitate
1427 1023 1522 1063 pro-

184 1067 328 1122 posita
364 1067 573 1121 facturos,
618 1067 731 1121 quod
775 1067 989 1121 expediat,
1032 1066 1296 1108 facinorosos
1341 1081 1386 1109 se
1431 1082 1523 1109 esse

183 1127 416 1180 fateantur,
443 1126 478 1167 si
504 1129 680 1182 negent,
701 1125 844 1168 omnia
869 1125 1013 1180 turpia
1038 1140 1114 1180 per
1135 1140 1179 1167 se
1204 1126 1300 1181 ipsa
1318 1125 1523 1182 fugienda

186 1200 277 1227 esse
309 1185 552 1227 concedant.
615 1183 696 1226 Sed
733 1185 820 1226 iam
858 1184 911 1225 ad
942 1185 1212 1239 propositum
1244 1188 1522 1227 revertamur.

274 1244 473 1286 Incidunt
517 1244 679 1285 multae
724 1257 849 1298 saepe
891 1258 1060 1296 causae,
1113 1258 1220 1298 quae
1264 1245 1523 1285 conturbent

186 1304 352 1345 animos
384 1303 588 1344 utilitatis
621 1302 777 1357 specie,
808 1316 895 1344 non
926 1317 1022 1344 cum
1047 1302 1129 1344 hoc
1156 1302 1428 1357 deliberetur,
1460 1317 1521 1344 re-

185 1362 470 1417 linquendane
517 1362 574 1403 sit
610 1361 815 1403 honestas
852 1364 1029 1415 propter
1066 1361 1269 1402 utilitatis
1308 1362 1521 1417 magnitu-

185 1422 326 1463 dinem
360 1420 477 1476 (nam
510 1420 553 1461 id
579 1420 749 1474 quidem
774 1420 1018 1474 improbum
1046 1421 1144 1474 est),
1176 1420 1249 1461 sed
1275 1420 1394 1475 illud,
1426 1435 1521 1475 pos-

184 1481 294 1522 sitne
326 1480 381 1533 id,
413 1479 527 1534 quod
558 1479 662 1520 utile
694 1478 901 1532 videatur,
933 1478 1024 1519 fieri
1056 1493 1142 1520 non
1172 1479 1367 1533 turpiter.
1413 1478 1520 1521 Cum

183 1538 401 1582 Collatino
439 1538 631 1594 collegae
662 1537 823 1578 Brutus
860 1537 1088 1592 imperium
1120 1538 1378 1593 abrogabat,
1403 1541 1521 1593 pote-

182 1601 252 1640 rat
289 1598 423 1639 videri
459 1597 599 1639 facere
636 1597 680 1638 id
717 1597 890 1651 iniuste3
929 1596 1070 1637 fuerat
1113 1597 1224 1637 enim
1263 1597 1307 1638 in
1344 1598 1519 1653 regibus

183 1656 444 1712 expellendis
478 1657 616 1698 socius
648 1655 774 1697 Bruti
805 1655 1081 1697 consiliorum
1114 1658 1157 1696 et
1182 1655 1362 1697 adiutor.
1413 1655 1521 1698 Cum

182 1720 325 1758 autem
358 1715 585 1757 consilium
610 1715 692 1756 hoc
716 1715 930 1769 principes
957 1714 1187 1769 cepissent,
1219 1715 1520 1770 cognationem

183 1773 365 1830 Superbi
397 1788 637 1828 nomenque
669 1773 1000 1827 Tarquiniorum
1039 1775 1081 1814 et
1112 1773 1365 1814 memoriam
1396 1774 1520 1830 regni

182 1849 274 1876 esse
306 1833 560 1887 tollendam,
593 1832 706 1887 quod
738 1835 830 1874 erat
861 1832 984 1885 utile,
1015 1831 1181 1887 patriae
1213 1832 1445 1887 consulere,
1477 1833 1520 1874 id

183 1895 275 1934 erat
312 1893 375 1934 ita
412 1892 658 1941 honestum,
702 1894 750 1933 ut
795 1891 925 1932 etiam
967 1891 1052 1945 ipsi
1088 1889 1305 1932 Collatino
1350 1892 1519 1946 placere

183 1952 366 1993 deberet.
428 1950 579 2005 Itaque
623 1951 792 1992 utilitas
835 1950 973 1992 valuit
1015 1952 1191 2004 propter
1235 1950 1521 2005 honestatem,

183 2011 272 2052 sine
305 2025 389 2064 qua
422 2025 472 2052 ne
503 2010 672 2051 utilitas
705 2009 875 2064 quidem
907 2023 999 2050 esse
1029 2009 1253 2063 potuisset.
1303 2008 1364 2049 At
1394 2009 1438 2050 in
1471 2024 1519 2051 eo

183 2083 300 2125 rege,
345 2070 416 2123 qui
460 2070 609 2110 urbem
654 2068 859 2122 condidit,
902 2082 988 2109 non
1030 2067 1152 2120 item3
1196 2068 1358 2122 species
1407 2068 1520 2110 enim

183 2128 386 2170 utilitatis
425 2128 615 2169 animum
652 2128 819 2183 pepulit
851 2127 958 2180 eius3
995 2126 1061 2168 cui
1100 2141 1195 2168 cum
1232 2127 1372 2168 visum
1406 2130 1519 2168 esset

180 2187 329 2229 utilius
362 2187 502 2228 solum
542 2202 670 2241 quam
708 2201 803 2228 cum
836 2187 971 2227 altero
1003 2199 1201 2240 regnare,
1239 2185 1421 2227 fratrem
1458 2186 1517 2227 in-

180 2246 362 2287 teremit.
424 2245 580 2287 Omisit
611 2246 680 2287 hic
717 2248 760 2286 et
796 2245 1000 2300 pietatem
1034 2247 1076 2285 et
1106 2244 1438 2299 humanitatem,
1470 2247 1518 2286 ut

179 2305 239 2360 id,
279 2304 391 2360 quod
428 2304 534 2346 utile
575 2304 800 2346 videbatur
838 2318 975 2358 neque
1008 2306 1118 2358 erat,
1155 2303 1325 2358 assequi
1356 2306 1517 2359 posset,

1544 728 1575 753 10

1544 1021 1576 1046 15

1542 1316 1574 1341 20

1541 1608 1573 1634 25

1605 1849 1616 2130 f

1595 2336 1602 2490 1
