1673 2505
505 87 727 123 INOERTA.
754 89 779 123 Ι.
808 92 955 123 16—34.
1314 91 1401 132 409

68 199 210 237 tarum
249 195 509 243 constructio
543 195 595 236 ad
627 210 757 236 unum
793 195 953 236 exitum
985 195 1135 236 utilem
1167 196 1280 237 vitae
1311 212 1402 250 per—

67 254 308 295 tinentium.

156 313 223 353 27.
255 312 407 354 Donat.
441 312 529 353 Ter.
560 312 658 353 Hee.
698 312 738 353 V
761 315 801 353 2.
832 315 886 353 13
917 311 1080 353 Crimen
1109 313 1275 365 proprie
1305 314 1403 354 dici-

70 374 136 412 tur
153 372 207 420 id,
226 372 333 423 quod
347 370 503 422 factum
523 374 589 412 est.
619 370 678 411 Et
696 370 849 412 Cicero:
870 369 1029 411 Verum
1048 373 1193 411 tamen
1211 370 1241 423 †
1261 373 1404 412 actum

34 440 50 466 5
69 432 112 470 et
132 429 407 470 criminosum
426 428 578 482 iusqm,
606 429 652 470 id
674 432 732 470 est
746 429 858 480 falsa
882 430 1189 470 insimulatione
1207 431 1403 471 criminis.

157 489 243 540 [28.
269 487 480 530 Schemata
503 488 614 528 dian.
639 489 697 528 26
714 501 758 540 p.
785 490 922 528 7415
946 488 1089 529 Halm.
1114 486 1406 543 Συγχώρησις

67 549 125 588 est
159 548 354 588 concessio
389 547 450 587 rei
485 546 675 597 alicuius,
712 549 759 586 ut
800 570 847 575 —
889 545 1045 588 Cicero:
1091 546 1154 588 Do
1192 547 1274 587 tibi
1310 547 1406 600 hoc,

68 605 250 646 concedo
289 605 369 646 tibi
407 607 450 645 et
489 604 676 645 remitto.
708 629 764 632 —
802 604 864 655 Cf.
904 604 1013 646 Verr.
1051 605 1138 646 III
1172 608 1209 647 7.
1246 609 1299 647 16
1336 605 1404 647 Do

67 663 148 705 hoc
178 664 260 704 tibi
292 666 334 704 ei]
365 663 577 714 concedo]

16 734 49 758 10
158 722 225 764 29,
263 721 392 764 Schol.
422 722 578 763 Lucan.
609 720 667 762 II
693 724 776 763 375
810 722 972 763 Tullius
1008 723 1116 775 dicit,
1152 724 1259 775 quod
1287 737 1402 764 mun-

68 782 144 822 dus
179 782 254 823 iste
289 781 443 834 reyitur
479 781 685 833 opinione;
722 794 821 821 nam
858 780 1070 821 Armeniis
1106 783 1334 834 asperrima
1370 786 1406 823 et

68 840 301 881 dedecorosa
325 853 458 892 poena
488 842 546 881 est
574 840 736 891 auferre
767 839 945 880 barbam.

157 898 224 940 30.
249 898 390 950 Rufin.
421 911 518 939 vers.
550 899 597 939 de
626 911 748 950 comp.
780 901 817 939 et
840 899 887 939 de
911 901 1023 939 metr.
1048 901 1148 939 orat.
1168 912 1210 950 p.
1236 901 1327 940 531.
1353 901 1406 940 15

68 957 212 998 Halm.
258 956 311 999 Ut
347 956 482 999 Cicero
519 957 632 1010 dicit,
671 958 741 998 isti
778 957 1028 1009 scripserunt
1062 958 1173 1009 apud
1209 958 1405 999 Graecos:

17 1025 50 1051 1⁵
71 1015 414 1069 Thrasymachus,
445 1015 690 1066 Naucrates,
722 1014 914 1068 Gorgias,
948 1014 1158 1069 Ephorus,
1195 1016 1407 1067 Isocrates,

71 1074 313 1128 Theodectes,
343 1074 597 1124 Aristoteles,
631 1074 864 1116 Theodorus
894 1074 1138 1127 Byzantius,
1173 1074 1399 1128 Theophra.

68 1137 172 1183 stus,
203 1133 492 1186 Hieronymus.

157 1192 225 1234 31.
262 1191 364 1233 Isid.
401 1192 449 1233 de
484 1194 567 1233 nat.
607 1205 685 1232 rer.
722 1191 827 1232 XII
858 1194 884 1232 6
912 1204 957 1244 p.
993 1193 1063 1233 28.
1102 1193 1127 1232 5
1147 1192 1202 1233 ed.
1241 1192 1405 1233 Becker.

68 1250 165 1292 Duo
189 1254 288 1292 sunt
311 1253 445 1291 autem
470 1273 524 1279 ——
551 1263 656 1303 axes,
687 1250 831 1302 quibus
856 1250 1011 1290 caelum
1039 1250 1224 1300 volvitur,
1255 1251 1407 1300 boreus„

22 1316 50 1344 ‘0
69 1323 185 1362 quem
214 1322 288 1351 nos
318 1309 573 1362 aquilonium
603 1322 790 1350 vocamus
821 1308 910 1362 (liic
940 1308 1086 1349 Arctoe
1121 1312 1234 1359 sunt,
1271 1310 1317 1350 id
1350 1314 1408 1351 est

68 1369 363 1422 septentriones,
394 1369 465 1420 qui
493 1368 608 1410 nobis
638 1381 790 1420 semper
814 1367 1032 1420 apparent)
1040 1381 1054 1416 ,·
1086 1369 1152 1408 cui
1176 1370 1409 1410 contrarius

69 1430 127 1468 est
154 1428 307 1476 notius,
338 1428 409 1479 qui
438 1427 636 1468 australis
666 1427 825 1468 dicitur.
886 1426 972 1466 Hic
1000 1429 1073 1479 est,
1104 1427 1175 1478 qui
1206 1430 1331 1478 terra,
1362 1432 1408 1468 ut

69 1486 130 1526 ait
161 1484 311 1533 Cicero,
350 1486 494 1538 teyitur
529 1489 567 1526 et
595 1482 769 1539 ἀφανής
806 1499 832 1525 a
865 1484 1033 1526 Graccis
1068 1486 1317 1527 nominatur.
1354 1511 1400 1515 —-

70 1543 133 1596 Cf.
164 1543 243 1586 Cic.
278 1544 392 1585 Tusc.
423 1544 456 1585 I
479 1547 549 1585 27.
582 1548 635 1585 68
649 1558 707 1585 ex.

34 1613 51 1637 ⁵
159 1603 227 1644 32.
263 1603 401 1644 Amm.
437 1603 571 1644 Marc.
609 1602 728 1643 XIX
757 1605 823 1644 12.
854 1605 908 1644 18
944 1602 1181 1644 Imitandus
1216 1604 1271 1644 sit
1309 1604 1404 1645 Tul-

71 1662 162 1715 lius,
193 1675 283 1703 cum
308 1675 474 1714 parcere
503 1662 563 1703 vel
594 1662 746 1703 taedere
771 1662 977 1714 potuisset,
1010 1664 1058 1702 ut
1087 1662 1170 1715 ipse
1200 1662 1406 1715 adfirmat,

70 1721 298 1774 iynoscencti
315 1733 508 1773 quaerens
534 1734 690 1773 causas,
714 1734 798 1761 non
814 1721 1018 1773 puniendi
1043 1721 1277 1771 occasiones,
1301 1722 1412 1773 quod

69 1779 217 1821 iudicis
249 1779 346 1820 lenti
374 1782 412 1820 et
440 1779 681 1821 considerati
711 1782 767 1820 est
790 1779 1018 1831 proprium.

160 1838 226 1879 33.
258 1839 431 1891 Auyust.
467 1839 537 1879 civ.
574 1839 611 1879 cl.
643 1837 765 1878 XXI
789 1841 842 1879 11
875 1837 967 1879 Octo
1002 1852 1149 1891 yenera
1177 1852 1406 1891 poenarum

34 1907 51 1931 0
69 1897 116 1938 in
147 1896 295 1950 lembus
326 1910 406 1938 esse
435 1897 574 1938 scribit
607 1897 777 1951 Tullius,
808 1897 1022 1951 damnum,
1053 1897 1204 1950 vinela,
1234 1898 1410 1951 verbera,

71 1956 278 2008 tationem,
314 1956 602 2009 iynominiam,
638 1956 823 2009 exilium,
860 1959 1044 2006 mortem,
1081 1957 1317 1998 servitutem.
1355 1980 1403 1985 —

69 2014 171 2056 Isid.
206 2013 315 2067 OrigJ.
352 2014 392 2055 V
415 2018 475 2056 27
508 2014 601 2056 Octo
628 2028 776 2067 yenera
802 2028 1028 2067 poenarum
1058 2015 1104 2055 in
1137 2015 1286 2068 leyibus
1317 2029 1407 2056 con-

72 2074 194 2114 tineri
214 2073 376 2115 Tullius
392 2074 565 2126 scripsit,
585 2074 793 2122 damnum,
817 2074 992 2126 vincula,
1011 2074 1184 2127 verbera,
1205 2074 1408 2127 tationem,

70 2132 358 2186 iynominiam,
389 2133 573 2182 exilium,
604 2133 832 2174 servitutem
864 2135 900 2173 et
929 2136 1107 2174 mortem.

36 2200 54 2227 5
160 2191 228 2232 34.
271 2191 459 2232 Lactant.
501 2192 594 2232 inst.
637 2192 714 2233 div.
757 2190 790 2231 I
823 2193 891 2232 20.
928 2194 982 2232 14
1023 2191 1229 2245 Maynum
1272 2191 1410 2233 Cicero

70 2250 287 2302 audaxque
317 2250 530 2292 consilium
559 2250 773 2303 suscepisse
804 2249 1020 2291 Graeciam
1050 2251 1163 2303 dicit,
1194 2251 1300 2303 quod
1329 2250 1408 2292 Cu-

63 2309 259 2362 pidinum
284 2311 321 2350 et
344 2309 546 2350 Amorum
570 2309 793 2350 simulacra
817 2309 862 2350 in
881 2310 1110 2363 yymnasiis
1137 2312 1410 2351 consecrasset.
