1663 2490
103 764 122 794 3

150 56 232 97 198
688 55 952 90 PARADOXA

148 179 197 206 ex
223 164 498 219 philosophia
523 167 709 204 tractare
730 163 1012 204 abhorrentes
1039 163 1092 204 ab
1118 163 1200 205 hoc
1225 178 1309 205 usu
1329 163 1491 205 forensi

148 226 190 264 et
221 223 406 277 publico,
438 222 511 263 sed
543 222 717 263 dicendo
750 222 953 274 consequi
984 224 1141 275 tamen,
1173 225 1221 263 ut
1252 223 1330 264 illa
1357 223 1492 264 etiam

146 282 306 336 populo
338 281 582 335 probabilia
614 280 869 321 viderentur.
929 278 1050 328 Quod
1082 294 1130 321 eo
1164 281 1301 322 maius
1330 285 1396 322 est
1423 281 1492 322 illi

148 344 277 394 quani
309 342 384 382 aut
415 340 496 380 tibi
525 341 599 379 aut
624 338 761 391 nobis,
789 338 888 392 quia
912 353 990 380 nos
1018 340 1067 379 e‘a
1092 338 1369 394 philosophia
1391 340 1492 394 plus

146 400 319 452 utimur,
351 412 459 452 quae
491 396 657 452 peperit
689 396 854 438 dicendi
885 395 1065 451 copiam,
1097 400 1140 438 et
1165 398 1210 439 in
1235 413 1319 453 qua
1346 398 1490 440 dicun-
1529 411 1544 436 5

146 461 218 499 tur
251 472 316 511 ea,
350 471 457 510 quae
489 470 574 496 non
607 455 791 496 multum
823 455 1065 510 discrepent
1097 456 1150 496 ab
1184 456 1385 511 opinione
1416 472 1490 512 po·

147 517 301 572 pulari,
334 514 441 556 Cato
475 517 635 568 autem,
679 513 893 569 perfectus
926 529 1021 555 mea
1054 515 1268 556 sententia
1306 514 1490 569 Stoicus,

148 578 192 616 et
222 590 272 616 ea
304 574 452 625 sentit,
491 587 599 627 quae
637 587 723 613 non
756 587 856 614 sane
888 574 1128 627 probantur
1159 574 1204 614 in
1235 575 1409 630 volgus,
1448 577 1493 616 et

147 635 191 675 in
224 648 273 675 ea
305 635 370 673 est
396 631 580 685 haeresi,
613 646 720 685 quae
745 632 913 673 nullum
940 632 1153 687 sequitur
1157 632 1308 673 florem
1337 633 1493 675 oratio-

148 693 213 733 nis
246 706 382 745 neque
415 665 580 732 ‹silatat
602 694 915 749 argumentum,
948 691 1127 732 minutis
1159 690 1493 747 interrogatiun-
1515 704 1547 728 ιο

150 751 255 793 culis
289 751 413 804 quasi
445 749 628 804 punctis,
660 750 773 804 quod
796 742 1042 804 proposuit,
1074 749 1216 791 efficit
1268 748 1352 792 Sed
1383 750 1494 791 nihil

148 812 214 851 est
245 812 337 850 tam
368 808 634 863 incredibile,
674 809 785 862 quod
818 823 904 850 non
936 808 1112 850 dicendo
1144 808 1223 850 fiat
1253 809 1494 863 probabile,

146 868 256 910 nihil
287 871 378 909 tam
416 867 656 919 horridum,
700 870 790 908 tam
822 867 1051 920 incultum,
1090 867 1204 922 quod
1234 882 1322 909 non
1353 868 1494 923 splen·

149 928 294 969 descat
325 927 519 968 oratione
552 929 595 968 et
626 929 849 986 tamquam
882 927 1112 968 excolatur.
1163 925 1285 974 Quod
1310 941 1407 969 cum
1432 927 1496 968 ita

148 989 362 1041 putarem,
395 986 476 1027 feci
509 986 640 1026 etiam
673 968 875 1027 audacius
908 1000 1036 1040 quam
1068 985 1143 1026 ille
1174 986 1284 1040 ipse,
1323 985 1373 1027 de
1406 1000 1490 1052 quo
1513 997 1545 1022 15

148 1046 314 1100 loquor.
376 1043 484 1086 Cato
518 1045 630 1085 enim
663 1044 888 1086 dumtaxat
926 1044 975 1085 de
1014 1044 1311 1100 magnitudine
1350 1045 1494 1098 animi,

150 1105 199 1145 de
233 1104 514 1157 continentia,
546 1103 596 1144 de
630 1106 786 1156 morte,
825 1104 874 1144 de
907 1118 1023 1144 0111111
1056 1103 1180 1144 laude
1212 1103 1406 1157 virtutis,
1446 1104 1496 1144 de

150 1163 213 1204 djs
246 1163 562 1216 inmortalibus,
595 1162 645 1203 de
677 1162 859 1203 caritate
891 1162 1057 1216 patriae
1091 1160 1232 1204 Stoice
1264 1163 1377 1204 solet
1404 1177 1494 1204 ora—

149 1222 273 1264 toriis
306 1222 569 1263 ornamentis
603 1221 808 1262 adhibitis
842 1221 997 1274 dicere,
1036 1235 1116 1276 ego
1154 1221 1236 1262 tibi
1273 1221 1351 1262 illa
1387 1221 1494 1276 ipsa,

151 1296 258 1336 quae
290 1281 361 1322 vix
392 1281 437 1321 in
469 1280 705 1335 gymnasiis
738 1283 781 1320 et
817 1280 863 1320 in
900 1280 988 1321 otio
1022 1278 1155 1321 Stoici
1186 1280 1392 1334 probant,
1436 1280 1496 1321 lu-
1518 1291 1551 1315 20

151 1341 253 1381 dens
298 1339 459 1381 conieci
508 1339 552 1379 in
597 1353 843 1379 communes
887 1338 1016 1380 locos
1085 1337 1201 1386 Quae
1252 1339 1352 1393 quia
1395 1341 1497 1379 sunt

151 1398 425 1440 admirabilia
472 1392 705 1451 contraque
751 1397 995 1452 opinionem
1041 1397 1233 1438 omnium
1279 1397 1350 1449 [ab
1388 1397 1496 1452 ipsis

151 1459 282 1499 etiam
308 1456 534 1510 παράδοξα
561 1457 866 1511 appellantur],
893 1458 1106 1511 temptare
1126 1456 1245 1497 volui
1264 1458 1496 1511 possentne

151 1516 336 1572 proferri
367 1516 412 1556 in
443 1516 582 1557 lucem
628 1515 688 1567 [id
719 1518 786 1556 est
823 1515 1084 1569 inpiorumJ,
1123 1517 1166 1556 et
1202 1515 1284 1558 ita.
1303 1514 1404 1569 dici,
1447 1518 1498 1556 ut

151 1576 455 1631 probarentur,
493 1589 548 1615 an
580 1574 666 1615 alia
704 1574 913 1628 quaedam
946 1576 1059 1615 esset
1090 1573 1276 1627 erudita,
1308 1574 1394 1615 alia
1424 1588 1497 1629 po·
1518 1585 1551 1609 2⁵

150 1635 316 1690 pularis
349 1634 501 1687 oratio,
534 1648 667 1688 eoque
699 1633 778 1674 hos
805 1633 922 1674 locos
961 1633 1114 1688 scripsi
1140 1632 1357 1687 libentius,
1383 1633 1497 1687 quod

153 1694 259 1735 mihi
290 1694 376 1734 ista
406 1690 776 1746 nanffossaquae
815 1692 1056 1746 appellant,
1075 1692 1260 1733 maxime
1297 1691 1497 1733 videntur

153 1767 245 1794 esse
265 1751 485 1794 Socratica
516 1752 729 1806 longeque
754 1767 780 1791 v
808 1751 989 1792 rissima.
1034 1750 1231 1806 Accipies
1256 1750 1391 1807 igitur
1415 1750 1498 1792 hoc

151 1826 335 1867 parvum
350 1810 604 1866 opusculum
628 1810 903 1852 lucubratum
928 1809 996 1851 his
1021 1810 1108 1851 iam
1135 1809 1495 1851 contractioribus

151 1871 364 1924 noctibus,
397 1869 598 1924 quoniam
623 1869 732 1910 illud
758 1869 970 1910 maiorum
995 1868 1245 1924 vigiliarum
1270 1882 1425 1910 munus
1452 1868 1497 1909 in
1518 1879 1550 1903 ³0

152 1933 227 1971 tuo
265 1929 437 1971 nomine
481 1928 701 1984 apparuit,
746 1931 788 1969 et
826 1927 1080 1993 degustabis
1125 1941 1259 1983 genus
1297 1927 1498 1969 exercita-

152 1989 322 2030 tionum
354 2002 513 2041 earum,
546 1987 701 2041 quibus
733 1987 797 2028 uti
829 1987 1042 2039 consuevi,
1074 2001 1170 2028 cum
1203 2001 1264 2040 ea,
1297 2000 1405 2040 quae
1441 1985 1499 2027 di-

154 2050 308 2090 cuntur
339 2047 383 2087 in
417 2046 575 2088 scholis
600 2046 803 2099 θετικῶς,
835 2045 888 2087 ad
918 2048 1116 2087 nostrum
1147 2045 1229 2087 hoc
1261 2045 1500 2087 oratorium

154 2105 369 2148 transfero
392 2105 557 2147 dicendi
584 2119 731 2161 genus.
774 2103 868 2146 Hoc
900 2107 1046 2146 tamen
1077 2118 1185 2159 opus
1210 2105 1256 2145 in
1277 2106 1500 2159 acceptum

155 2168 203 2207 ut
234 2164 407 2216 referas,
439 2164 547 2205 nihil
574 2164 770 2218 postulo3
801 2178 888 2204 non
913 2163 1026 2204 enim
1048 2166 1114 2204 est
1132 2163 1233 2216 tale,
1264 2158 1377 2205 utin
1403 2176 1499 2204 arce
1519 2173 1552 2198 ³⁶

154 2225 258 2280 poni
288 2224 428 2279 possit
461 2222 585 2277 quasi
615 2223 693 2263 illa
713 2222 907 2264 Minerva
937 2221 1132 2275 Phidiae,
1172 2221 1244 2263 sed
1276 2224 1423 2263 tamen
1452 2224 1501 2262 ut

156 2298 206 2324 ex
240 2282 387 2325 eadem
420 2280 592 2323 officina
624 2281 761 2323 exisse
797 2283 1015 2336 appareat.

1636 2250 1639 2260 >

1634 2313 1638 2322 0
