1673 2505
227 66 273 106 3]
285 66 310 105 2
740 65 1038 100 FRAGMENTA

656 198 723 237 IV.
767 198 836 235 DE
867 198 1128 238 AUGURIIS.

315 291 370 342 [1.
407 289 486 332 Cic.
522 291 569 331 de
602 289 726 330 divin.
759 288 818 329 ΙΙ
843 290 906 329 35.
941 291 993 330 75
1012 302 1068 341 sq.
1116 289 1318 342 Equidem
1355 290 1558 332 adsentior

228 348 268 391 C.
299 349 497 390 Marcello
525 348 664 400 potius
700 361 823 399 quam
852 347 959 400 App.
993 346 1185 398 Claudio,
1222 349 1293 401 qui
1328 349 1444 390 ambo
1479 350 1558 390 mei

226 408 391 460 colleqae
418 406 596 459 fuerunt,
628 406 885 458 existimoque
915 407 979 447 ius
1003 419 1217 460 auqumm,
1248 408 1321 448 etsi
1345 408 1557 449 divinatio-

225 468 292 508 nis
322 466 508 518 opinione
535 465 736 517 principio
768 464 1027 506 constitutum
1061 465 1130 517 sit,
1171 467 1305 506 tamen
1327 469 1469 518 postea
1498 467 1558 507 rei
1594 477 1612 503 5

224 525 404 578 publicae
435 536 559 564 causa
589 526 863 564 conservatum
890 537 937 564 ac
961 525 1166 564 retentum.
1210 522 1291 564 Sed
1312 525 1359 565 de
1382 524 1453 566 hoc
1478 525 1558 566 loco
1644 521 1646 530 ¹

224 584 347 636 plura
376 583 422 623 in
452 582 565 635 aliis,
597 595 705 623 nunc
734 581 954 633 hactenus]

315 642 353 682 2.
378 639 485 682 Serv.
520 641 631 693 Verq.
657 640 759 681 Aen.
792 640 834 682 V
853 643 936 682 738
960 639 1060 682 Dies
1084 644 1141 682 est
1156 640 1314 693 plenus,
1344 642 1415 694 qui
1444 641 1561 683 habet

225 701 347 742 horas
376 700 522 752 viqinti
551 702 761 752 quattuor;
797 712 896 740 nam
932 702 970 739 et
1000 712 1081 740 nox
1104 712 1207 751 pars
1237 700 1317 741 diei
1347 703 1422 749 est‚·
1459 700 1559 741 dici·
1661 736 1665 744 .

225 772 316 801 mus
346 762 480 799 autem
510 759 615 799 diem
645 771 672 798 a
702 760 822 810 parte
857 757 1029 798 meliore.
1097 757 1209 799 Unde
1244 761 1282 799 et
1309 759 1354 799 in
1384 772 1462 800 usu
1492 762 1559 813 est,
1579 771 1613 796 ιο
1646 811 1647 814 ¹

225 821 273 858 ut
294 818 381 859 sine
405 817 775 858 commemoratione
799 817 925 858 noctis
946 829 1161 857 numerum
1185 817 1367 858 dicamus
1391 818 1559 858 dierum.

226 877 311 917 Hic
347 879 482 917 autem
518 876 601 917 dies
636 876 852 917 secundum
885 875 1104 928 Aeqmotios
1139 875 1300 916 inchoat
1334 876 1384 916 ab
1420 889 1560 917 occasu

225 936 332 989 solis,
362 935 579 976 secundum
610 934 758 976 Persas
788 934 838 975 ab
869 937 960 974 ortu
989 934 1097 988 solis⁷
1126 935 1342 975 secundum
1382 934 1559 985 Umbros,

229 995 422 1035 Etruscos
452 997 489 1035 et
512 993 774 1034 Athenienses
805 1006 831 1033 a
855 996 969 1034 sexta
992 992 1092 1034 liora
1117 993 1207 1046 diei,
1237 994 1454 1034 secundum
1479 993 1559 1034 Ro-

225 1066 368 1094 manos
404 1066 431 1093 a
467 1053 600 1093 media
636 1055 756 1093 nocte.
792 1075 840 1080 —
874 1051 990 1092 Haec
1025 1054 1160 1092 autem
1182 1052 1301 1104 plene
1334 1053 1560 1105 exsequitur
1580 1064 1613 1091 15
1646 1077 1647 1098 2

225 1115 263 1152 et
293 1110 426 1153 Cicero
458 1111 503 1152 in
533 1110 800 1163 auquralibus
829 1113 867 1151 et
895 1110 947 1151 A.
975 1109 1131 1151 Gellius
1160 1111 1206 1151 in
1238 1110 1353 1152 libris
1382 1112 1560 1152 noctium

227 1170 462 1212 Atticarum
492 1169 600 1223 (HI
623 1172 664 1210 2.
698 1169 849 1221 7sqq.).

316 1229 354 1269 3.
380 1227 537 1270 Charis.
563 1228 595 1268 Ι
606 1242 651 1280 p.
675 1230 772 1281 122,
796 1230 856 1269 22
881 1228 935 1268 K.
968 1226 1080 1268 ‘Avi'
1107 1227 1242 1269 Cicero
1275 1229 1321 1269 de
1351 1229 1559 1281 auquriis:

228 1287 427 1328 omnibus
460 1287 529 1327 avi
559 1287 733 1327 incerta.

314 1346 353 1386 4.
391 1344 548 1387 Charis.
578 1345 611 1385 I
634 1359 678 1397 p.
710 1345 800 1386 105.
832 1348 859 1385 4
899 1344 1056 1386 Oscinis
1092 1345 1388 1386 nominativinn
1426 1345 1560 1387 Cicero
1579 1358 1614 1383 20
1646 1385 1647 1391 ,

226 1406 273 1445 (le
309 1405 498 1457 auguriis
530 1402 697 1445 eoscen’
736 1403 843 1444 dixit
877 1407 914 1444 ct
941 1404 1002 1444 ita
1032 1404 1173 1444 utitur.
1207 1428 1256 1432 —
1291 1403 1372 1445 Sed
1399 1404 1503 1445 idem
1533 1403 1566 1445 I

224 1478 262 1515 ρ.
299 1466 391 1504 139.
435 1466 487 1503 11
533 1461 697 1503 ‘Oscen'
741 1475 943 1514 auqurum
986 1463 1223 1503 consuetudo
1266 1463 1382 1512 dicit‚·
1426 1462 1560 1504 Cicero

227 1526 376 1575 tamen,
407 1521 544 1574 inquit
571 1521 748 1574 Plinius,
779 1521 825 1561 dc
855 1521 1041 1573 auquriis
1069 1520 1134 1562 liic
1166 1520 1352 1562 ‘oscinis'
1385 1521 1501 1562 dixit.

316 1580 373 1632 [5.
410 1579 518 1621 Serv.
558 1580 669 1633 Verq.
707 1580 810 1621 Aen.
841 1579 929 1620 III
952 1581 1032 1620 359
1070 1579 1199 1630 Nam,
1236 1583 1283 1621 ut
1317 1581 1378 1621 ait
1414 1579 1559 1630 Cicero,
1646 1627 1647 1631 Ἰ

227 1640 358 1680 omnis
388 1640 603 1680 divinandi
625 1639 780 1692 peritia
816 1639 861 1679 in
897 1639 1001 1679 duas
1033 1642 1169 1690 partes
1205 1639 1420 1688 dividitur,·
1460 1652 1560 1680 nam
1578 1650 1611 1677 25
1645 1660 1646 1663 =

227 1701 300 1739 aut
319 1698 439 1749 furor
457 1701 523 1749 est,
547 1701 594 1738 ut
616 1699 661 1738 in
685 1696 1073 1751 ratiocinationibus,
1098 1701 1172 1738 aut
1195 1711 1275 1751 ars,
1300 1701 1347 1738 ut
1369 1698 1415 1739 in
1438 1697 1560 1739 haru-
1646 1701 1647 1707 ’

226 1756 417 1810 spicilnis,
457 1757 669 1809 fulquritis
710 1757 791 1797 sive
830 1756 1168 1809 f'ulquratoribus‚
1211 1757 1442 1810 auquribus.
1503 1756 1564 1798 Et

227 1816 367 1856 omnia
404 1816 484 1857 ista
514 1829 562 1857 ex
591 1829 631 1857 se
653 1815 846 1868 pendent7
885 1815 973 1856 licet
998 1816 1179 1868 propriis
1208 1815 1359 1868 sinibus
1389 1816 1561 1857 contine-

227 1875 380 1926 antur]

676 2016 721 2055 V.
766 2017 1111 2056 HORTENSIUS.
1579 2026 1613 2052 30
1644 2015 1647 2067 f

322 2107 365 2149 V.
397 2107 448 2148 R.
480 2108 636 2150 Hirzel.
670 2108 812 2149 Herm.
846 2108 891 2149 X
914 2123 957 2161 22.
989 2109 1043 2150 95
1055 2121 1111 2161 sq.

320 2167 355 2207 1.
381 2165 460 2207 Cic.
486 2168 533 2208 de
557 2168 681 2208 divin.
706 2167 765 2208 II
784 2171 820 2208 1.
846 2171 871 2208 1
898 2166 1103 2209 Coliortati
1130 2180 1281 2221 sumus,
1311 2171 1358 2209 ut
1386 2169 1562 2210 maxime

224 2226 447 2278 potuimus,
485 2227 541 2266 ad
567 2226 847 2279 philosophiae
876 2225 1057 2267 studium
1086 2239 1128 2267 eo
1161 2226 1278 2276 libro,
1315 2228 1386 2279 qui
1415 2231 1472 2269 est
1499 2228 1562 2269 in-

227 2285 399 2336 scriptus
430 2284 686 2326 Hortensius.
