1663 2490
120 309 162 339 38

117 719 160 750 39

120 1517 173 1558 12

116 1955 157 1984 41

191 72 274 113 176
586 73 788 108 LAELIUS
812 73 878 108 DE
903 73 1124 110 AMICITIA

188 193 316 222 031153
346 182 609 235 peccaveris;
645 196 746 221 nam
778 195 873 222 cum
906 182 1173 223 conciliatrix
1200 183 1414 224 amicitiae
1449 184 1529 224 vir-

187 239 295 280 tutis
329 240 472 294 opinio
498 238 640 293 fuerit,
672 239 845 280 difficile
871 242 938 280 est
963 240 1196 282 amicitiam
1226 255 1410 291 manere,
1442 243 1479 282 si
1504 257 1530 283 a

188 298 349 339 virtute
374 298 589 339 defeceris.
639 296 800 345 Quodsi
828 300 993 339 rectum
1025 300 1302 340 statuerimus
1333 299 1401 341 vel
1434 314 1530 342 con-

187 356 334 398 cedere
367 357 532 410 amicis,
570 355 774 410 quidquid
813 356 965 406 velint,
1002 357 1069 398 vel
1107 357 1324 412 inpetrare
1374 358 1428 399 ab
1465 358 1531 412 iis,

189 415 394 470 quidquid
426 415 620 469 velimus,
651 413 843 469 perfecta
874 415 1045 469 quidem
1077 417 1289 470 sapientia
1321 417 1357 457 si
1383 417 1529 470 simus,
1567 430 1583 455 5
1643 411 1646 415 ’

187 474 297 514 nihil
328 474 488 515 habeat
519 487 587 514 res
619 473 733 527 vitii3
765 473 839 515 sed
868 473 1085 528 loquimur
1111 475 1161 516 de
1186 475 1239 516 iis
1266 475 1425 529 amicis,
1458 476 1531 529 qui

190 535 289 573 ante
316 532 461 574 oculos
489 534 601 585 sunt,
628 546 735 586 quos
760 532 944 574 vidimus
971 535 1047 574 aut
1072 532 1122 574 de
1149 533 1303 588 quibus
1323 534 1531 576 memoria

189 591 442 645 accepimus,
468 605 574 645 quos
599 590 721 632 novit
747 590 838 632 vita
862 591 1112 633 communis
1162 592 1229 633 Ex
1248 592 1331 634 hoc
1351 607 1530 634 numero

187 649 312 691 nobis
334 650 530 704 exempla
550 649 756 690 sumenda
776 652 889 700 sunt,
915 652 958 691 et
978 664 1125 691 eorum
1145 650 1315 704 quidem
1335 652 1530 705 maxime,

187 767 421 808 Aemilium
458 766 642 809 Luscino
679 766 939 808 familiarem
982 767 1115 809 fuisse
1143 767 1234 834 .(sic
1271 783 1296 810 a
1332 768 1529 823 patribus

188 823 462 882 accepimus),
486 825 554 866 bis
579 840 665 867 una
690 826 898 880 0011511155,
924 826 1151 881 collegas
1139 841 1185 867 m
1210 841 1406 881 censura3
1437 830 1530 868 tum

188 887 232 925 et
262 899 358 925 011111
389 884 442 926 115
475 888 519 926 et
549 884 661 926 inter
693 899 740 926 se
777 859 1149 926 conitinctissimos
1187 885 1321 927 fuisse
1350 884 1419 927 M’.
1452 884 1531 928 Cu·

187 943 311 997 rium,
343 942 405 984 Ti.
427 941 742 985 Coruncanium
768 943 999 985 memoriae
1024 943 1243 998 proditum
1263 947 1340 986 est.
1389 943 1531 1000 Igitur

187 1016 240 1043 ne
278 1002 487 1057 suspicari
524 1002 695 1056 quidem
732 1017 960 1057 possumus
999 1017 1257 1057 quemquam
1288 1003 1442 1045 horum
1475 1003 1529 1045 ab
1551 1016 1583 1042 15
1636 1059 1637 1062 Ἴ

189 1061 326 1103 amico
353 1061 575 1116 quippiam
595 1061 876 1115 contendisse,
902 1061 1015 1116 quod
1040 1064 1191 1103 contra
1214 1061 1354 1116 fidem,
1380 1064 1528 1104 contra

187 1120 254 1161 1115
285 1119 534 1174 iurandum,
567 1122 717 1161 contra
748 1135 838 1162 rem
869 1120 1087 1175 publicam
1120 1123 1244 1162 esset.
1304 1120 1418 1162 Nam
1449 1120 1530 1162 hoc

188 1178 359 1233 quidem
390 1179 435 1219 111
465 1179 626 1220 talibus
659 1179 763 1220 viris
797 1178 897 1233 quid
926 1179 1090 1221 adtinet
1117 1179 1266 1234 dicere,
1298 1179 1335 1221 si
1359 1182 1530 1221 conten-

187 1238 338 1291 disset,
368 1237 701 1292 impetraturum
732 1252 819 1279 non
848 1237 1009 1279 fuisse?
1042 1252 1138 1279 cum
1168 1237 1236 1279 illi
1270 1238 1530 1280 sanctissimi

186 1296 269 1338 viri
312 1296 488 1350 fuerint,
534 1311 665 1351 aeque
710 1299 853 1338 autem
897 1296 1018 1337 nefas
1063 1296 1120 1337 sit
1160 1297 1248 1337 tale
1286 1297 1450 1350 aliquid
1487 1299 1530 1337 et
1549 1310 1583 1337 20

186 1355 326 1397 facere
371 1357 572 1410 rogatum
613 1357 656 1396 et
693 1369 858 1410 rogare.
919 1355 980 1396 At
1018 1369 1118 1396 vero
1157 1354 1250 1396 Tib.
1289 1354 1529 1397 Gracchum

187 1414 477 1468 sequebantur
497 1413 541 1456 C.
564 1412 717 1468 Carbo,
748 1413 793 1455 C.
818 1412 938 1467 Cato,
969 1417 1013 1455 et
1038 1413 1212 1455 minime
1238 1416 1332 1455 tum
1358 1413 1529 1468 quidem

187 1471 232 1515 O.
263 1474 398 1513 frater
434 1487 546 1514 1111110
577 1473 689 1514 idem
721 1473 965 1514 acerrimus.

274 1530 393 1573 Haec
430 1531 564 1587 igitur
602 1532 670 1573 lex
707 1531 752 1572 in
790 1531 978 1573 amicitia
1023 1531 1256 1585 sanciatur,
1300 1534 1349 1573 ut
1391 1545 1528 1586 neque

139 1569 387 1646 0rogemus
419 1605 488 1632 res
519 1594 666 1645 turpes
692 1604 768 1632 nec
793 1589 1001 1632 faciamus
1026 1590 1181 1646 rogati.
1231 1589 1387 1645 Turpis
1414 1590 1528 1631 enim
1552 1605 1582 1629 25
1628 1647 1630 1650 y
1661 1601 1663 1619 1

186 1649 404 1691 excusatio
449 1652 514 1690 est
558 1652 602 1691 et
645 1649 819 1690 minime
864 1649 1109 1704 accipienda
1151 1663 1247 1691 011111
1290 1649 1335 1690 111
1375 1649 1527 1691 ceteris

185 1708 391 1763 peccatis,
428 1711 520 1750 tum
559 1708 595 1749 si
633 1708 727 1762 quis
767 1710 917 1750 contra
954 1723 1044 1749 rem
1075 1707 1292 1763 publicam
1325 1721 1369 1749 55
1402 1707 1526 1750 amici

186 1782 315 1809 causa
338 1766 491 1809 fecisse
519 1766 719 1808 fateatur.
762 1766 935 1808 Etenim
962 1781 1010 1808 eo
1037 1767 1144 1820 1000,
1175 1766 1312 1807 Fanni
1338 1768 1382 1807 et
1407 1764 1527 1808 Scae—

185 1827 301 1880 vola,
342 1826 474 1868 locati
505 1840 670 1880 sumus,
706 1828 754 1867 ut
784 1839 862 1868 nos
894 1826 1023 1881 longe
1053 1825 1297 1880 prospicere
1329 1827 1529 1880 oporteat

186 1884 354 1926 futuros
387 1899 510 1926 casus
542 1885 603 1926 rei
641 1885 848 1940 publicae.
912 1883 1097 1926 Dcflexit
1133 1884 1219 1925 iam
1257 1884 1527 1938 aliquantum
1547 1897 1580 1923 30
1619 1930 1631 1945 Ὺ

187 1944 237 1984 de
288 1944 429 1998 spatio
479 1944 774 1998 curriculoque
824 1943 1085 1986 consuetudo
1136 1943 1358 1984 maiorum.
1434 1942 1527 1983 Tib.

187 2001 405 2044 Gracchus
437 2017 617 2058 regnum
650 2017 856 2057 occupare
888 2004 1067 2044 conatus
1100 2004 1182 2056 est,
1223 2002 1292 2043 vel
1330 2001 1528 2056 regnavit

185 2061 222 2102 15
255 2061 425 2115 quidem
457 2076 616 2116 paucos
648 2076 826 2103 menses.
887 2060 1002 2102 Num
1036 2060 1135 2114 quid
1168 2060 1307 2101 simile
1341 2060 1526 2114 populus

186 2119 406 2162 Romanus
433 2121 626 2162 audierat
652 2124 726 2162 aut
752 2120 950 2162 viderat?
988 2118 1114 2161 Hunc
1140 2119 1270 2160 etiam
1296 2121 1396 2173 post
1418 2133 1527 2160 mor-

185 2181 274 2220 tem
305 2179 441 2220 secuti
467 2180 592 2220 amici
618 2182 660 2221 et
686 2178 916 2234 propinqui
945 2178 1046 2232 quid
1071 2178 1117 2219 in
1137 2177 1186 2220 P.
1208 2177 1405 2232 Scipione
1431 2177 1525 2218 effe·
1547 2189 1580 2215 3⁵
1627 2175 1634 2216 ’,

186 2238 339 2292 cerint,
380 2238 470 2279 sine
508 2238 696 2280 lacrimis
735 2253 820 2279 non
858 2251 965 2292 queo
1006 2236 1155 2279 dicere.
1217 2236 1330 2278 Nam
1369 2234 1526 2278 Carbo-

185 2311 301 2352 nem,
345 2311 609 2352 quocumque
647 2297 773 2339 modo
817 2296 1052 2351 potuimus,
1095 2298 1274 2351 propter
1311 2297 1526 2336 recentem

189 708 260 762 qui
287 708 340 749 ad
364 708 621 762 sapientiam
640 722 847 763 proxume
876 708 1091 750 accedunt.
1134 708 1339 751 Videmus
1364 709 1531 764 Papum
1552 724 1584 749 10
1642 685 1650 774 ξ
