1673 2505
443 71 738 108 ORATIONUM.
767 74 808 106 A.
835 71 903 106 VII
928 76 1076 106 20—-25.
1337 72 1420 112 247

148 181 377 224 consulibus
412 181 474 222 M.
512 180 656 222 Livius
692 179 857 221 Drusus
895 179 1080 220 tribunus
1110 179 1240 231 plebis
1277 180 1422 220 tulerit.

149 241 230 293 Qui
259 253 350 281 cum
374 242 537 281 senatus
560 242 702 292 partes
729 239 895 280 tuendas
919 238 1150 290 suscepisset
1173 241 1209 278 et
1228 237 1326 291 leyes
1344 252 1422 290 pro

148 298 406 352 optimatibus
438 298 607 347 tulisset,
643 301 780 349 postea
810 310 852 338 eo
885 297 1067 338 licentiae
1095 299 1153 337 est
1175 309 1423 350 proffessus,

147 361 193 398 ut
226 357 386 399 nullum
422 357 467 397 in
504 356 568 398 hz‘s
597 370 748 397 morem
779 358 963 397 servaret.
1023 355 1169 407 Itaque
1200 354 1424 407 Philippus

54 429 71 454 5
148 428 240 468 cos.‚
271 416 342 468 qui
373 416 410 456 ei
440 416 631 456 inimicus
662 418 763 467 erat,
801 415 973 456 obtinuit
1002 427 1029 454 a
1058 417 1217 464 senatu,
1248 417 1295 454 ut
1325 414 1424 467 leyes

147 476 233 516 eius
264 487 398 515 omnes
434 487 515 515 uno
546 472 588 514 S.
615 472 658 515 C.
696 473 937 514 tollerentur.
987 471 1201 514 Decretum
1232 475 1289 513 est
1317 473 1424 513 enim

147 536 288 574 contra
317 533 502 585 auspicia
532 545 611 573 csse
649 532 770 584 latas,
808 545 932 584 neque
968 532 1025 572 eis
1062 532 1186 572 teneri
1214 531 1424 583 populum.

177 591 244 633 25.
276 590 321 632 P.
348 591 576 632 Africanus
602 590 676 631 ille
703 590 897 644 superior
929 589 1083 631 dicitur
1112 604 1199 630 non
1233 589 1371 631 solum
1400 604 1425 630 a

90 649 418 705 sapientissimis
450 649 706 701 hominibus,
740 649 811 702 qui
837 652 928 690 tum
956 650 1088 701 erant,
1119 662 1268 689 verum
1295 649 1425 689 etiam

38 721 70 746 10
90 724 115 750 a
140 723 184 749 se
209 709 304 763 ipso
331 723 456 763 saepe
484 710 705 749 accusatus
732 722 835 761 esse,
863 707 986 762 quod,
1019 721 1113 748 cum
1140 708 1287 749 consul
1314 710 1426 748 esset

90 782 186 809 cum
217 767 278 808 Ti.
305 767 467 822 Longo,
499 781 650 821 passus
684 770 796 808 esseb
827 769 918 807 tum
951 765 1137 820 primum
1170 780 1195 807 a
1226 766 1427 820 populari

91 840 292 868 consessu
324 826 541 867 senatoria
573 826 777 866 subsellia
809 825 1010 880 separari.

236 885 329 926 Hoc
362 886 517 937 factum
553 888 611 926 est
644 885 812 926 secundo
855 884 1065 925 consulatu
1101 882 1305 936 Scipionis
1333 887 1428 937 post

148 945 362 997 septimum
404 957 578 997 annum,
620 957 745 996 quam
788 942 1191 995 Carthayiniensibus
1233 943 1330 984 bello
1372 956 1427 984 se-

39 1014 71 1039 15
149 1004 278 1044 cundo
314 1003 412 1044 data
448 1006 506 1043 est
533 1015 634 1054 pax.
695 1002 871 1043 Factum
909 1002 954 1042 id
988 1015 1068 1042 esse
1104 1004 1238 1042 autem
1275 1001 1428 1042 Antias

151 1062 278 1102 tradit
307 1061 414 1102 ludis
444 1060 657 1113 Romanis,
687 1073 785 1112 quos
813 1061 992 1111 fecerunt
1020 1060 1168 1100 aediles
1198 1054 1355 1101 c'urules
1385 1059 1427 1101 C.

149 1120 307 1161 Atilius
336 1119 552 1172 Serranus,
584 1119 632 1159 L.
657 1118 894 1160 Scribonius
918 1119 1030 1171 Libo,
1061 1122 1098 1159 et
1126 1119 1171 1159 id
1199 1131 1263 1159 eos
1290 1118 1430 1169 fecisse

150 1179 265 1220 iussu
299 1192 506 1219 censorum
543 1177 634 1219 Sex.
671 1178 768 1218 Aeli
803 1177 938 1231 Paeti,
982 1176 1023 1219 G.
1063 1176 1224 1218 Corneli
1261 1176 1428 1230 Cetlieyi.

149 1237 210 1278 Et
239 1238 395 1278 videtur
425 1238 471 1278 in
501 1237 576 1278 liae
605 1237 765 1289 quidem
796 1238 976 1277 oratione
1006 1236 1112 1276 hunc
1142 1238 1344 1276 auctorem
1374 1250 1429 1277 se-

39 1307 73 1332 20
150 1299 265 1337 cutus
295 1296 432 1337 Cicero
469 1296 618 1337 dixisse
640 1309 813 1347 passum
849 1308 930 1336 6336
959 1294 1187 1347 Scipionem
1223 1295 1373 1336 secerni
1403 1309 1430 1335 a

151 1358 273 1396 cetero
316 1368 498 1397 consessu
539 1354 763 1407 spectacula
803 1357 1046 1395 senatorum.
1106 1353 1163 1394 In
1200 1367 1247 1394 ea
1283 1356 1430 1407 autem,

150 1427 274 1466 quam
290 1417 387 1467 post
410 1414 565 1466 aliquot
587 1426 717 1454 annos
741 1413 882 1454 liabuit
905 1413 952 1454 de
976 1413 1208 1465 aruspicum
1233 1426 1430 1465 responso,

151 1486 234 1514 non
275 1486 444 1525 passum
487 1486 567 1514 esse
604 1471 848 1525 Scipionem,
890 1472 959 1513 sed
1000 1471 1184 1525 [ipsum]
1227 1474 1430 1512 auctorem

150 1531 276 1584 fuisse
306 1532 434 1573 dandi
464 1545 554 1572 eum
586 1531 714 1572 locum
739 1531 989 1572 senatoribus
1011 1531 1167 1571 videtur
1190 1531 1430 1583 siynificare.

41 1601 75 1627 25
160 1590 290 1632 Verba
320 1591 406 1632 eius
436 1590 530 1631 liaec
560 1593 675 1631 sunt:
711 1589 837 1630 ‘Nam
871 1589 971 1642 quid
1007 1603 1086 1644 ego
1120 1589 1169 1630 de
1201 1589 1287 1630 illis
1320 1589 1431 1629 ludis

152 1649 322 1703 loquar,
361 1663 466 1703 quos
504 1649 549 1689 in
585 1648 755 1689 Palatio
792 1648 932 1689 nostri
970 1649 1153 1689 maiores
1192 1650 1290 1688 ante
1327 1650 1432 1688 tem-

153 1708 274 1762 plum
304 1707 457 1748 Matris
489 1706 672 1762 Magnae
697 1707 986 1762 Megalesibus
1019 1706 1110 1747 fieri
1142 1706 1432 1760 celebrarique

153 1767 409 1808 voluerunt?
449 1767 603 1820 quibus
641 1766 827 1820 primum
864 1766 975 1806 ludis
1015 1768 1113 1806 ante
1151 1765 1300 1819 populi
1338 1779 1432 1807 con-

155 1839 319 1867 sessum
355 1825 522 1867 senatui
559 1825 700 1866 locum
732 1824 777 1866 P.
810 1824 1037 1865 Africanus
1069 1823 1114 1865 Π
1145 1823 1243 1866 cos,²
1277 1857 1285 1865 .
1317 1858 1325 1865 .
1359 1857 1366 1865 .
1398 1827 1437 1865 et

43 1894 78 1920 30
154 1885 302 1937 collnga
326 1886 411 1926 eius
435 1884 672 1937 Sempronio
691 1884 830 1937 Lonyo
854 1884 925 1924 lioc
950 1883 1144 1924 tributum
1170 1896 1250 1924 esse
1273 1884 1434 1925 senatui

154 1944 309 1994 scribit,
351 1944 421 1985 sed
460 1944 547 1985 sine
582 1945 782 1984 mentione
818 1943 1087 1996 ,Meyalesium
1123 1941 1291 1995 (aediles
1327 1942 1435 1983 enim

156 2016 218 2044 eos
249 2003 363 2044 ludos
391 2002 523 2054 facere
552 2002 663 2043 soliti
693 2003 828 2055 erant)
858 2002 1000 2042 votivis
1031 2002 1138 2043 ludis
1166 2001 1323 2053 factum
1355 2004 1435 2042 tra-

155 2062 232 2114 dit,
267 2074 365 2114 quos
395 2061 532 2114 Scipio
569 2065 606 2102 et
635 2061 799 2114 Lonyus
830 2074 922 2102 coss.
953 2060 1130 2111 fecerint.
1192 2059 1288 2101 Non
1315 2073 1434 2112 prae-

157 2121 274 2161 terire
304 2123 438 2162 autem
474 2134 542 2162 vos
577 2120 662 2161 volo
700 2133 780 2160 esse
810 2121 1012 2160 oratoriae
1043 2119 1279 2160 calliditatis
1309 2118 1435 2173 [ius],

45 2188 78 2214 3⁵
157 2182 218 2229 ut,
254 2192 343 2221 cum
381 2192 480 2232 opus
516 2182 588 2232 est⁷
626 2179 772 2220 eisdem
809 2178 924 2220 rebus
954 2178 1004 2219 ab
1034 2181 1204 2231 utraque
1227 2181 1348 2230 parte
1377 2178 1436 2219 vel

157 2251 185 2278 a
220 2239 439 2279 contrariis
475 2241 655 2279 utantur.
718 2237 831 2278 Nam
862 2250 951 2278 cum
982 2238 1199 2279 secundum
1232 2235 1436 2278 Ciceronis

159 2296 385 2349 opinionem
410 2300 571 2338 auctore
590 2296 777 2349 Scipione
794 2296 952 2338 consule
970 2297 1116 2338 aediles
1134 2298 1324 2338 secretum
1344 2298 1438 2336 ante
