1663 2490
494 117 594 153 CAP.
624 122 678 162 14,
706 122 758 154 15.
809 123 828 161 ς
853 123 1002 155 46-51.
1334 122 1414 162 149

81 227 207 267 lunae
245 225 382 266 multo
421 227 520 266 ante
556 225 682 267 nobis
713 226 972 281 praedicere!
1035 225 1144 275 Quid
1175 227 1219 268 in
1250 228 1416 269 leviori·
1442 242 1485 273 5ο

81 284 161 325 bus
193 283 365 338 studiis,
402 283 475 324 sed
514 286 660 325 tamen
692 285 857 326 acutis?
895 299 1021 339 quam
1054 285 1268 340 gaudebat
1299 286 1415 328 bello

82 357 158 384 suo
188 341 348 384 Punico
380 340 586 384 Naevius!
620 357 748 397 quam
781 343 1037 385 Truculento
1062 342 1255 398 Plautus,
1288 359 1415 398 quam

80 400 308 442 Pseudolo!
371 399 472 441 Vidi
509 401 639 442 etiam
683 416 826 443 senem
864 401 1051 456 Livium3
1095 402 1167 456 qui
1210 417 1305 444 cum
1343 417 1415 444 sex

45 471 61 497 5
81 459 202 501 annis
235 461 352 513 ante,
390 474 518 513 quam
557 474 636 515 ego
667 463 794 501 natus
828 475 939 515 sum,
978 460 1171 502 fabulam
1203 461 1416 503 docuisset

81 517 270 560 Centone
302 516 600 572 Tuditanoque
632 520 894 573 consulibus,
926 534 1058 574 usque
1091 519 1143 561 ad
1175 520 1415 562 adulescen-

78 577 185 618 tiam
216 591 356 618 meam
387 577 597 631 processit
623 580 777 619 aetate.
833 577 942 627 Quid
968 578 1018 620 de
1043 578 1088 620 P.
1114 578 1251 620 Licini
1271 577 1416 620 Crassi

79 638 122 677 et
147 635 356 690 pontificii
382 638 425 677 et
450 635 587 678 civilis
613 636 718 677 iuris
745 637 886 678 studio
918 638 1072 691 loquar
1103 640 1176 679 aut
1208 637 1257 678 de
1289 637 1414 679 huius

78 693 123 735 P.
156 692 387 749 Scipionis,
420 695 492 749 qui
523 695 591 735 his
622 695 769 750 paucis
801 696 948 737 diebus
980 696 1174 751 pontifex
1205 697 1415 738 maximus

30 765 60 790 ιο
77 752 218 794 factus
257 753 351 794 est?
414 754 557 807 Atque
599 767 670 795 eos
715 768 880 808 omnes,
924 769 1030 808 quos
1075 755 1416 809 commemoravi,

78 812 146 853 his
187 811 339 853 studiis
377 811 611 867 flagrantes
649 827 770 854 senes
808 813 1009 867 vidimus3
1045 813 1101 855 M.
1132 828 1233 855 vero
1266 813 1415 856 Cethe-

79 884 193 926 gum,
225 885 351 925 quem
382 873 496 912 recte
529 869 743 912 ‘Suadae
775 871 1070 913 medullam'
1104 872 1210 913 dixit
1238 872 1416 927 Ennius,

80 931 240 983 quanto
285 929 426 970 studio
472 930 655 971 exerceri
697 930 742 970 in
785 930 961 972 dicendo
998 930 1247 972 videbamus
1286 932 1416 972 etiam

79 989 239 1029 senem!
291 986 408 1036 Quae
440 990 540 1028 sunt
569 988 705 1043 igitur
736 989 959 1044 epularum
994 992 1068 1030 aut
1105 989 1303 1031 ludorum
1341 993 1416 1031 aut

26 1058 59 1082 15
79 1049 319 1088 scortorum
363 1046 608 1101 voluptates
653 1061 748 1088 cum
791 1047 858 1088 his
902 1047 1199 1102 voluptatibus
1248 1063 1416 1103 compa-

77 1104 264 1146 randae?
325 1104 468 1159 Atque
500 1104 604 1147 haec
642 1105 812 1159 quidem
850 1106 993 1147 studia
1029 1106 1264 1160 doctrinae3
1307 1121 1414 1161 quae

78 1163 249 1218 quidem
290 1163 573 1218 prudentibus
618 1166 661 1204 et
702 1164 810 1205 bene
858 1165 1071 1206 institutis
1114 1165 1277 1219 pariter
1319 1180 1415 1207 cum

78 1224 220 1264 aetate
251 1224 463 1276 crescunt,
499 1224 547 1263 ut
578 1221 807 1264 honestum
838 1223 947 1264 illud
978 1222 1147 1265 Solonis
1188 1224 1261 1278 sit,
1302 1224 1415 1278 quod

78 1281 139 1322 ait
170 1280 380 1322 versiculo
408 1280 604 1336 quodam,
635 1283 684 1322 ut
709 1284 808 1323 ante
834 1281 932 1336 dixi,
964 1297 1181 1324 senescere
1209 1297 1252 1324 se
1278 1283 1415 1324 multa

25 1351 59 1376 20
77 1339 122 1381 in
153 1339 241 1381 dies
274 1339 584 1395 addiscentem,
616 1354 700 1394 qua
730 1341 954 1395 voluptate
987 1341 1119 1382 animi
1149 1341 1269 1382 nulla
1301 1344 1414 1384 certe

76 1400 222 1454 potest
253 1412 346 1440 esse
376 1399 524 1440 maior.

164 1456 302 1498 Venio
333 1471 446 1499 nunc
472 1457 524 1499 ad
548 1458 795 1513 voluptates
823 1458 1123 1514 agricolarum,
1155 1459 1308 1512 quibus
1335 1442 1485 1525 ego515

76 1515 385 1557 incredibiliter
416 1515 623 1570 delector3
661 1530 768 1570 quae
805 1531 882 1558 nec
912 1517 1003 1558 ulla
1033 1517 1322 1583 impediuntur
1354 1532 1415 1559 se

76 1576 248 1616 nectute
286 1577 329 1616 et
366 1574 473 1615 mihi
505 1575 558 1616 ad
590 1575 795 1630 sapientis
827 1575 963 1617 vitam
993 1576 1186 1630 proxime
1217 1576 1414 1618 videntur

25 1643 57 1669 2⁵
77 1633 286 1675 accedere.
328 1632 503 1675 Habent
523 1633 635 1674 enim
654 1634 866 1675 rationem
892 1649 989 1676 cum
1014 1637 1141 1688 terra,
1167 1649 1274 1689 quae
1296 1650 1414 1677 num-

77 1706 206 1746 quam
231 1694 401 1734 recusat
425 1692 653 1747 imperium
677 1707 754 1734 nec
779 1707 984 1747 umquam
1004 1693 1095 1734 sine
1114 1707 1245 1735 usura
1263 1694 1414 1749 reddit,

77 1750 190 1805 quod
215 1750 390 1805 accepit,
417 1751 491 1792 sed
517 1751 624 1792 alias
651 1751 826 1805 minore,
854 1752 1105 1806 plerumque
1131 1752 1292 1794 maiore
1317 1767 1413 1795 cum

75 1808 260 1851 faenore.
322 1808 591 1864 Quamquam
628 1824 696 1851 me
734 1810 904 1864 quidem
941 1825 1028 1852 non
1069 1810 1234 1852 fructus
1275 1811 1413 1866 modo,

77 1868 151 1909 sed
182 1868 312 1909 etiam
343 1868 478 1923 ipsius
511 1871 651 1910 terrae
683 1869 747 1910 vis
781 1883 829 1910 ac
859 1871 1015 1911 natura
1046 1869 1240 1912 delectat.
1296 1869 1412 1919 Quae

25 1936 58 1962 ³0
76 1940 171 1968 cum
210 1927 372 1983 gremio
411 1927 582 1969 mollito
621 1942 669 1969 ac
707 1928 885 1969 subacto
925 1942 1122 1983 sparsum
1165 1943 1310 1970 semen
1347 1944 1412 1971 ex-

75 1985 199 2040 cepit,
230 1986 417 2041 primum
448 1986 492 2027 id
523 1988 793 2028 occaecatum
825 1986 1008 2041 cohibet,
1040 2001 1090 2028 ex
1122 2001 1205 2041 quo
1237 1988 1412 2042 occatio,

76 2058 183 2098 quae
214 2044 296 2087 hoc
328 2044 471 2100 efficit,
501 2045 724 2086 nominata
756 2048 838 2099 est,
870 2045 1020 2087 deinde
1051 2045 1311 2101 tepefactum
1342 2062 1413 2088 va-

74 2116 177 2157 pore
209 2105 251 2144 et
282 2118 529 2158 compressu
554 2118 630 2145 suo
657 2103 855 2145 diffundit
880 2107 923 2145 et
948 2104 1065 2146 elicit
1088 2104 1410 2147 herbescentem

75 2175 126 2203 ex
162 2175 211 2203 eo
248 2162 533 2218 viriditatem,
571 2177 679 2217 quae
715 2162 816 2204 nixa
853 2162 974 2204 fibris
1014 2163 1214 2218 stirpium
1252 2164 1409 2206 sensim

23 2229 56 2256 ⁸5
75 2219 281 2263 adulescit
306 2221 530 2276 culmoque
556 2224 697 2263 erecta
723 2221 967 2277 geniculato
993 2222 1161 2278 vaginis
1181 2222 1267 2264 iam
1288 2224 1410 2277 quasi

73 2279 307 2333 pubescens
338 2280 588 2335 includitur3
628 2294 678 2322 ex
716 2280 870 2334 quibus
908 2295 1004 2323 cum
1041 2282 1232 2336 emersit,
1268 2281 1411 2323 fundit

73 2336 242 2393 frugem
279 2338 386 2394 spici
423 2339 569 2381 ordine
607 2341 816 2381 structam
848 2341 891 2381 et
921 2341 1071 2382 contra
1103 2340 1246 2382 avium
1277 2340 1410 2382 mino-
