1673 2505
475 424 537 472 M.
579 423 766 471 TULLI
806 422 1133 472 CICERONIS

321 534 690 589 LIBRORUM
734 532 1288 588 DEPERDITORUM

599 647 1013 695 FRAGMENTA.

134 858 185 901 A.
230 856 575 900 ORATIONUM
605 855 1071 898 DEPERDITARUM
1101 855 1477 898 FRAGMENTA.

223 991 254 1030 Ι.
296 989 405 1028 CUM
438 988 718 1034 QUAESTOR
748 988 1019 1027 LILYBAEO
1052 988 1383 1027 DECEDERET.

222 1081 463 1123 Arusianus
494 1079 674 1121 Blessius
698 1093 740 1131 p.
765 1081 866 1120 226.
898 1079 1021 1120 Lind.
1054 1078 1134 1121 Cic.
1166 1093 1257 1120 cum
1295 1082 1482 1132 quaestor

135 1140 327 1193 Lilybaeo
359 1139 576 1181 decederet:
618 1137 731 1192 quod
762 1151 848 1178 non
882 1137 1122 1179 detrectare
1155 1138 1375 1193 militiam,
1408 1138 1479 1179 sed

136 1198 360 1240 defendere
392 1196 657 1253 provinciam
690 1196 877 1237 iudicata
907 1199 983 1237 est,

101 1446 120 1472 ⁸
538 1435 588 1473 II.
629 1433 729 1473 PRO
762 1434 806 1474 L.
839 1434 1072 1473 VARENO.

228 1528 264 1580 1,
291 1527 329 1568 2.
360 1526 449 1568 Iuli
479 1525 688 1567 Severiani
719 1529 932 1579 praecepta
963 1527 1067 1568 artis
1104 1525 1200 1567 rhet.
1232 1528 1291 1567 23
1314 1539 1356 1578 p.
1388 1528 1482 1567 369.

136 1590 190 1628 19
209 1586 354 1627 Halm.
392 1585 480 1627 Cito
501 1588 635 1626 tamen
646 1585 869 1638 principiis
888 1588 1085 1637 aptantur
1104 1585 1207 1638 (loci
1225 1588 1483 1637 communes),

136 1648 183 1686 ut
211 1645 534 1686 misericordiam
564 1647 734 1698 captent,
764 1657 856 1685 cum
880 1647 955 1685 aut
977 1644 1307 1685 adversariorum
1332 1643 1484 1684 calum-

136 1704 248 1757 nias,
282 1704 494 1756 factiones,
535 1703 793 1744 solitudinem
829 1703 1000 1756 suscepti
1037 1703 1097 1744 vel
1133 1706 1261 1744 cetera
1297 1703 1384 1744 eius
1419 1702 1483 1743 in·

88 1775 119 1800 ιο
136 1763 322 1815 fortunia
353 1775 642 1812 memoramus,
680 1765 728 1803 ut
754 1775 835 1815 pro
874 1762 1054 1803 Vareno:
1093 1761 1234 1802 Amici
1272 1760 1484 1814 deficiunt,

138 1821 311 1876 cognati
344 1821 545 1862 deserunt
571 1824 608 1861 et
630 1821 799 1874 reliqua,
831 1824 906 1862 aut
928 1823 1207 1862 accusatorum
1232 1820 1484 1861 calumniam

132 1881 363 1933 prodimus,
403 1883 451 1921 ut
484 1881 531 1921 in
567 1880 700 1921 eodem
738 1880 842 1921 loco:
884 1879 935 1920 In
972 1879 1271 1920 inimicissima
1309 1878 1484 1920 civitate

138 1942 312 1995 urgent,
344 1939 528 1993 instant,
562 1938 822 1993 insecuntur,
855 1938 1010 1992 studio,
1042 1937 1330 1991 multitudine,
1361 1951 1484 1992 pecu-

138 1998 227 2052 nia,
259 1997 446 2052 periurio
478 1999 686 2053 pugnant.

87 2068 120 2095 15
227 2057 265 2110 3,
297 2057 337 2098 4.
368 2056 572 2098 Priscian.
599 2056 695 2098 VII
713 2059 778 2097 14.
807 2059 860 2097 70
884 2070 928 2108 p.
949 2058 1046 2097 348.
1077 2058 1132 2097 18
1162 2055 1304 2096 Hertz.
1349 2053 1484 2096 Cicero

133 2129 212 2168 pro
239 2116 422 2157 Vareno:
454 2114 499 2157 O.
525 2115 767 2156 Ancharius
794 2114 931 2155 Rufus
959 2113 1044 2155 fuit
1076 2128 1097 2155 e
1129 2113 1361 2168 municipio
1388 2112 1485 2154 Ful-

142 2174 300 2229 ginate.
349 2175 466 2216 Idem
496 2175 542 2216 in
573 2175 732 2216 eadem:
763 2173 808 2215 in
840 2172 1111 2228 praefectura
1141 2172 1383 2228 Fulginate.

230 2233 268 2274 5.
308 2233 476 2286 Quintil.
523 2233 564 2275 V
592 2237 655 2275 13.
696 2236 756 2276 28
798 2232 855 2273 In
892 2232 1275 2274 contradictionibus
1318 2231 1484 2272 interim

140 2294 267 2333 totum
297 2293 448 2334 crimen
473 2294 690 2346 exponitur
717 2316 769 2322 —
790 2291 981 2345 pluribus
1007 2291 1350 2344 propositionibus
1375 2290 1485 2331 iunc-
