1673 2505
535 94 635 130 CAP.
664 99 765 129 2—4.
810 99 829 137 ξ
854 99 980 130 4—11.
1342 99 1426 139 427

89 217 198 257 rem3
221 202 428 244 honorem
457 201 579 244 dieo?
604 202 735 243 immo
757 216 855 243 vero
876 201 1049 255 famam,
1076 201 1283 253 fortunas,
1309 203 1428 245 fami-

90 261 205 315 liam,
230 261 402 314 liberos,
430 263 570 315 caput,
602 274 767 315 corPUS,
801 260 944 314 ipsum
970 259 1148 314 denique
1176 262 1428 315 sanguinem

89 322 218 374 atque
238 319 438 360 animam.
472 318 584 361 Cedo
604 319 763 360 invitus
786 318 836 359 de
856 333 901 359 re
921 318 1104 373 publica,
1131 319 1232 361 cedo
1257 334 1428 374 oppres-

88 392 160 420 sus
199 377 249 419 de
285 377 477 431 fortuna,
519 377 568 418 de
606 377 832 432 dignitate,
874 377 1042 418 discedo
1081 377 1134 418 ab
1174 392 1218 418 re
1255 379 1425 433 publica

52 448 70 475 5
89 436 227 479 victus
254 436 431 478 audacia
457 436 680 477 malorum.
729 435 876 477 Liceat
904 450 1087 490 manere,
1119 436 1156 477 si
1186 451 1273 478 non
1303 437 1427 478 illum

87 495 144 537 M.
173 494 374 549 Tullium,
406 494 626 537 custodem
656 494 787 548 urbis,
820 494 1085 536 defensorem
1118 495 1321 549 omnium,
1354 510 1428 550 pa-

87 556 198 595 trem
229 554 415 609 patriae,
457 556 502 594 at
540 555 654 595 certe
685 553 889 607 reliquias
922 553 1054 607 Tulli,
1095 553 1224 595 liceat
1255 553 1298 594 in
1331 568 1429 595 con-

89 615 239 667 spectu
275 612 448 665 civium,
491 612 537 652 in
573 612 654 653 hac
690 612 813 665 urbe,
858 626 986 666 quam
1024 626 1074 653 ex
1116 612 1429 667 parricidarum

87 671 284 713 faucibus
305 670 473 725 eripuit,
498 684 731 725 remanere,
757 672 872 712 tecta
892 670 1094 723 omnium,
1118 670 1220 712 fana
1241 671 1428 724 deorum,

36 742 70 767 10
89 730 334 771 universam
359 729 502 771 videre
528 729 707 783 periculi
731 733 928 782 expertem
954 729 1190 783 civitatem3
1221 730 1350 771 liceat
1379 744 1428 771 ex

87 788 169 830 hac
198 788 373 829 flamma
404 788 590 841 evolare,
628 788 883 842 praesertim
917 788 989 842 qui
1019 788 1127 829 illud
1158 788 1337 843 impium
1369 788 1429 829 in-

88 847 284 889 cendium
325 847 591 901 perditorum
634 847 856 888 hominum
900 846 1090 888 lacrimis
1134 847 1278 901 potius
1323 847 1428 888 meis

89 921 216 961 quam
253 908 396 947 vestro
437 905 642 960 sanguine
679 905 892 961 restingui
928 905 1073 946 malui.
1133 905 1283 960 Neque
1315 906 1427 947 enim

89 979 169 1020 ego
201 967 319 1019 peto,
355 966 405 1005 ut
435 964 542 1005 mihi
574 964 683 1005 detis
715 964 867 1017 vitam,
908 964 981 1005 sed
1019 964 1163 1005 datam
1200 967 1349 1019 repeto
1382 968 1429 1005 ut

35 1035 69 1061 15
88 1023 289 1065 reddatis.
340 1021 384 1064 Si
409 1023 678 1077 meministis,
709 1023 823 1077 quod
849 1023 955 1076 dedi,
985 1037 1072 1064 non
1098 1023 1262 1064 debetis
1296 1023 1426 1075 [istis]

89 1082 286 1125 oblivisci
317 1081 571 1135 retribuere,
604 1082 718 1136 quod
749 1081 970 1123 debuistis.

176 1139 279 1194 Vos,
311 1155 386 1181 vos
419 1142 625 1194 optestor,
657 1140 699 1181 di
729 1139 1011 1194 immortales,
1043 1140 1115 1194 qui
1147 1154 1266 1181 meae
1296 1140 1430 1181 menti

88 1199 253 1241 lumina
289 1199 575 1253 praetulistis,
613 1196 708 1240 cum
747 1213 1000 1240 consensum
1038 1198 1201 1239 extinxi
1238 1199 1429 1240 coniura-

88 1258 220 1300 tionis
265 1272 488 1312 arcemque
531 1257 650 1299 urbis
693 1257 887 1299 incendio
932 1272 980 1298 ac
1028 1257 1204 1298 flamma
1250 1257 1431 1299 liberavi

34 1329 70 1354 20
88 1317 334 1371 liberosque
366 1318 532 1358 vestros
565 1331 590 1357 a
621 1316 784 1371 gremio
817 1319 860 1357 et
895 1316 1119 1370 complexu
1156 1318 1345 1357 matrum
1377 1317 1431 1357 ad

90 1375 262 1418 caedem
300 1377 343 1416 et
380 1389 573 1417 cruorem
610 1389 696 1416 non
736 1389 830 1415 sum
860 1389 1013 1429 passus
1046 1375 1252 1416 abstrahi.
1314 1374 1429 1416 Num

89 1435 225 1490 igitur
261 1436 406 1489 potest
441 1434 551 1487 fieri,
595 1448 620 1475 a
652 1433 880 1475 clientibus
918 1436 965 1474 ut
1005 1433 1204 1488 recipiar,
1249 1448 1362 1488 cum,
1406 1449 1431 1475 a

91 1493 245 1548 quibus
279 1493 456 1533 debeam
487 1492 674 1546 retineri,
705 1492 863 1533 reicere
893 1492 1154 1534 instituant?
1205 1490 1317 1534 Socii
1346 1507 1429 1547 quo

89 1552 268 1607 fugient,
301 1566 396 1593 cum
428 1551 569 1592 aditus
602 1551 768 1592 custodi
799 1551 1047 1605 praeclusus
1075 1551 1160 1592 sit?
1193 1566 1276 1605 quo
1303 1551 1430 1592 modo

31 1617 70 1648 '25
91 1625 188 1665 spes
221 1610 373 1651 salutis
405 1610 581 1664 reliquis
613 1610 834 1663 residebit,
872 1624 968 1652 cum
1006 1609 1169 1651 civibus
1206 1610 1431 1665 praeclusa

91 1670 148 1711 sit
192 1668 431 1724 expectatio
480 1668 820 1710 incolumitatis?
871 1683 954 1723 pax
1004 1671 1047 1710 et
1095 1668 1321 1710 concordia
1365 1683 1431 1710 ex-

89 1728 252 1770 traneis
293 1728 511 1783 gignetur,
555 1742 649 1769 cum
694 1727 938 1769 domesticis
980 1742 1068 1769 non
1109 1727 1312 1781 insideat,
1358 1727 1430 1769 sed

90 1787 259 1842 publice
296 1786 540 1842 providenti
577 1786 812 1841 eripiatur?
873 1786 988 1827 Nam
1025 1786 1126 1840 quid
1157 1800 1236 1841 ego
1273 1786 1430 1841 impro-

90 1846 244 1888 borum
275 1845 391 1887 facta
421 1859 622 1887 renovem
653 1845 862 1900 oratione,
891 1847 940 1886 ut
971 1845 1280 1899 redintegratio
1312 1845 1430 1886 illius

38 1917 73 1942 30
91 1904 401 1947 coniurationis
434 1904 599 1945 animos
632 1904 825 1945 vulneret
857 1904 1054 1945 vestros?
1116 1903 1338 1945 Auxilium
1375 1904 1430 1945 ab

92 1963 242 2005 alienis
293 1963 610 2018 efflagitabitis,
666 1977 762 2004 cum
814 1962 927 2004 cives
978 1962 1216 2004 deseratis?
1291 1960 1431 2004 Socio-

90 2037 186 2064 rum
221 2022 415 2064 invocem
453 2022 708 2076 subsidium,
752 2036 848 2063 cum
886 2036 911 2062 a
949 2021 1112 2062 civibus
1148 2021 1430 2063 interclusum

84 2081 149 2122 sit
185 2081 474 2135 praesidium?
536 2079 673 2128 Quam
711 2080 848 2122 colere
888 2082 1060 2135 gentem
1100 2080 1430 2122 non-institui?

90 2143 236 2181 utrum
267 2142 410 2181 custos
443 2139 627 2194 accipiar
659 2154 714 2180 an
744 2141 792 2180 ut
822 2139 1018 2194 proditor
1049 2139 1278 2181 excludar?
1316 2139 1352 2180 si
1382 2142 1430 2179 ut

37 2209 71 2235 35
91 2200 383 2252 conservator,
420 2200 564 2240 vestra
595 2198 676 2239 erit
707 2197 960 2252 ignominia3
999 2197 1036 2239 si
1066 2200 1115 2239 ut
1147 2200 1430 2253 oppugnator,

89 2257 284 2313 praecisa
315 2259 439 2298 erunt
471 2256 626 2298 omnia.
685 2256 850 2311 Itaque,
883 2256 996 2310 quod
1026 2257 1176 2311 putavi
1205 2256 1297 2298 fore
1330 2270 1430 2311 gau-

90 2316 225 2371 dium,
255 2315 300 2357 id
331 2315 474 2357 extitit
506 2315 650 2357 exitio.
712 2313 769 2370 Si,
801 2314 1005 2370 Quirites,
1037 2316 1217 2357 eundem
1248 2315 1293 2356 in
1321 2317 1429 2356 eete-

1456 1127 1482 1208 <Ops-⁴·

1459 1797 1498 1827 10

1458 2325 1497 2354 11
