1663 2490
124 388 170 420 ‘70

124 1150 163 1181 Ἡ

123 1739 167 1771 72

126 2155 238 2218 lsslg

198 96 218 134 1
228 93 280 134 12
727 94 792 129 DE
818 94 1015 129 OFFICIIS

197 216 510 257 germanaeque
546 202 738 243 iustitiae
776 202 958 243 solidam
992 205 1035 244 et
1067 217 1314 257 expressam
1345 202 1534 259 effigiem

194 260 359 302 nullam
391 263 603 315 tenemus,
642 261 796 302 umbra
834 263 876 302 et
913 261 1175 316 imaginibus
1212 261 1385 303 utimur.
1445 261 1533 303 Eas

195 319 311 373 ipsas
349 320 514 360 utinam
554 320 843 372 sequeremur!
886 318 1082 361 feruntur
1120 320 1233 361 enim
1272 334 1322 361 ex
1359 321 1533 375 optimis

196 380 375 419 naturae
408 380 451 418 et
475 377 672 418 veritatis
700 377 917 432 exemplis.
966 377 1080 420 Nam
1107 379 1257 433 quanti
1281 378 1414 420 verba
1438 379 1532 421 illa:

195 448 274 478 UTI
307 448 367 477 NE
400 447 614 478 PROPTER
645 448 703 477 TE
736 448 944 478 FIDEMVE
978 449 1104 479 TUAM
1134 449 1307 479 CAPTUS
1332 449 1535 479 FRAUDA-

197 506 341 536 TUSVE
375 497 467 536 sm!
508 509 637 548 quam
668 495 746 535 illa
779 509 923 536 aurea:
961 507 1019 537 UT
1051 508 1193 537 INTER
1229 507 1381 538 Rosos
1412 508 1533 538 BENE

195 565 338 594 AGIER
365 564 576 594 OPORTET
602 565 661 594 ET
689 564 793 595 SINE
820 556 1167 596 FRAUDATIONE!
1221 553 1315 609 Sed,
1347 554 1421 608 qui
1447 555 1534 596 sint

196 611 342 665 ‘boni’,
386 613 430 652 et
473 611 574 665 quid
617 611 675 653 sit
713 611 834 654 ‘bene
873 612 972 668 agi',
1015 627 1174 668 magna
1218 613 1411 667 quaestio
1457 616 1534 655 est.

197 670 243 719 Q.
271 670 441 724 quidem
467 669 689 724 Scaevola,
719 670 913 726 pontifex
944 672 1172 725 maximus,
1205 686 1416 713 summam
1446 672 1534 713 vim

196 743 288 770 esse
321 729 488 770 dicebat
519 729 564 770 in
596 729 794 770 omnibus
825 730 878 770 iis
911 730 1115 784 arbitriis,
1149 730 1194 771 in
1227 730 1379 784 quibus
1413 730 1535 772 adde-

195 790 314 829 retur
332 799 395 828 EX
414 800 526 829 FIDE
546 799 683 841 BONA,
708 788 890 842 fideique
915 788 1053 830 bonae
1078 803 1235 830 nomen
1260 789 1536 831 existimabat

196 861 370 888 manare
402 846 624 900 latissime,
655 847 782 901 idque
810 847 973 888 versari
997 847 1041 888 in
1067 847 1217 888 tutelis
1243 847 1535 903 societatibus,

195 905 360 947 fiduciis
394 905 622 955 mandabis,
653 906 780 947 rebus
814 906 970 960 emptis
996 906 1192 960 venditis,
1224 906 1442 948 conductis
1475 907 1535 948 lo-

197 965 317 1019 catis,
350 964 504 1018 quibus
536 964 651 1005 vitae
678 964 859 1006 societas
886 965 1195 1018 contineretur3
1226 965 1271 1005 in
1302 965 1354 1006 iis
1386 965 1535 1021 magni

196 1038 289 1065 esse
308 1023 459 1064 iudicis
479 1026 680 1077 statuere,
703 1024 956 1078 praesertim
976 1038 1071 1065 cum
1091 1023 1135 1064 in
1154 1023 1371 1079 plerisque
1391 1026 1534 1065 essent

195 1082 351 1124 iudicia
376 1082 603 1136 contraria,
635 1082 736 1135 quid
763 1096 972 1136 quemque
998 1083 1148 1137 cuique
1174 1085 1394 1136 praestare
1414 1097 1536 1138 opor-

197 1144 319 1182 teret.
381 1139 588 1188 Quocirca
626 1141 810 1182 astutiae
848 1141 1065 1182 tollendae
1106 1143 1206 1182 sunt
1245 1155 1378 1195 eaque
1416 1141 1536 1183 mali-

195 1200 279 1254 tia,
311 1214 418 1253 quae
450 1200 543 1240 volt
573 1199 651 1241 illa
682 1200 852 1254 quidem
883 1199 1019 1241 videri
1051 1214 1095 1241 se
1128 1214 1219 1241 esse
1251 1200 1535 1255 prudentiam,

197 1259 270 1300 sed
307 1258 430 1300 abest
467 1258 521 1299 ab
560 1272 610 1299 ea
644 1258 859 1312 distatque
890 1258 1136 1313 plurimum.
1198 1258 1432 1300 Prudentia
1470 1262 1535 1300 est

196 1317 309 1359 enim
341 1317 483 1358 locata
514 1317 559 1357 in
591 1317 748 1359 dilectu
780 1317 991 1359 bonorum
1022 1320 1065 1358 et
1096 1318 1321 1371 malorum,
1355 1318 1535 1373 malitia,

195 1377 231 1417 si
269 1375 429 1429 omnia,
468 1389 575 1429 quae
613 1376 757 1430 turpia
794 1378 911 1429 sunt,
949 1376 1065 1417 mala
1103 1378 1220 1427 sunt,
1258 1376 1374 1418 mala
1410 1377 1534 1418 bonis

194 1435 317 1490 ponit
355 1436 465 1475 ante.
525 1433 616 1476 Nec
652 1449 753 1476 vero
798 1434 843 1475 in
885 1434 1070 1489 praediis
1117 1435 1258 1476 solum
1300 1435 1365 1476 ius
1410 1435 1534 1477 civile

195 1495 369 1535 ductum
401 1508 425 1534 a
462 1495 617 1534 natura
654 1493 867 1534 malitiam
903 1493 1180 1547 fraudemque
1217 1493 1423 1548 vindicat,
1461 1494 1534 1536 sed

194 1553 324 1594 etiam
355 1553 400 1593 in
431 1552 742 1607 mancipiorum
773 1552 1016 1594 venditione
1041 1552 1277 1594 venditoris
1301 1552 1420 1594 fraus
1447 1567 1534 1594 om-

192 1612 259 1654 nis
303 1610 552 1653 excluditur.
621 1610 701 1659 Qui
745 1611 858 1652 enim
902 1611 1009 1652 scire
1052 1611 1198 1652 debuit
1241 1611 1291 1652 de
1336 1611 1533 1666 sanitate,

195 1671 244 1712 de
275 1670 391 1725 fuga,
424 1669 474 1710 de
505 1670 644 1721 furtis,
676 1672 869 1724 praestat
895 1670 1033 1711 edicto
1060 1669 1273 1711 aedilium.
1316 1669 1533 1712 Heredum

195 1730 282 1771 alia
319 1743 447 1771 causa
484 1731 560 1769 est.
622 1728 687 1769 Ex
726 1743 809 1783 quo
853 1728 1138 1784 intellegitur,
1183 1728 1385 1783 quoniam
1427 1729 1532 1771 iuris

193 1791 349 1829 natura
373 1787 469 1829 fons
497 1787 565 1842 sit,
596 1787 677 1829 hoc
703 1787 933 1829 secundum
958 1790 1159 1829 naturam
1185 1802 1289 1843 esse,
1319 1788 1533 1829 neminem

192 1848 235 1887 id
269 1861 416 1902 agere,
447 1848 496 1887 ut
528 1861 578 1887 ex
611 1846 788 1887 alterius
820 1846 1049 1901 praedetur
1079 1846 1261 1888 inscitia.
1323 1845 1413 1888 Nec
1444 1847 1534 1888 ulla

193 1906 401 1960 pernicies
433 1905 548 1947 vitae
580 1905 717 1946 maior
747 1905 929 1946 inveniri
959 1907 1103 1960 potest
1135 1920 1263 1960 quam
1288 1905 1333 1946 in
1364 1906 1533 1947 malitia

195 1964 413 2005 simulatio
457 1964 797 2019 i11tellegentiae;
848 1978 898 2005 ex
948 1978 1030 2018 quo
1074 1964 1159 2005 ista
1201 1964 1532 2006 innumerabilia

192 2025 443 2076 nascuntur,
481 2025 530 2064 ut
560 2022 687 2064 utilia
718 2038 813 2065 cum
843 2022 1037 2064 honestis
1069 2036 1263 2088 pugnare
1294 2022 1531 2065 videantur.

193 2081 357 2148 Quotus
403 2082 515 2122 enim
560 2081 738 2136 quisque
782 2082 1036 2137 leperietur‚
1080 2081 1151 2136 qui
1194 2081 1451 2136 impunitate
1489 2084 1533 2123 et

193 2139 464 2182 1norati0ne
491 2141 680 2182 omnium
706 2141 929 2196 proposita
956 2140 1170 2182 abstinere
1189 2141 1328 2195 possit
1346 2140 1530 2182 iniuria?

146 2229 237 2299 3in
268 2258 422 2312 quibus
453 2258 619 2312 peccari
649 2259 801 2324 volgus
827 2257 1049 2300 hominum
1075 2258 1259 2299 fortasse
1284 2272 1371 2299 non
1396 2259 1530 2313 putet.

190 2316 340 2372 Neque
371 2316 484 2358 enim
517 2316 567 2358 de
599 2317 778 2368 sicariis
807 2317 1016 2372 veneficis,
1047 2316 1398 2369 testamentariis,
1429 2316 1530 2358 furi-

1555 743 1588 768 10

1556 1037 1588 1062 15

1554 1330 1588 1355 20

1553 1623 1587 1649 25

1552 1917 1586 1943 30

280 2199 589 2253 Periclitemur,
621 2200 657 2240 si
688 2200 842 2254 placet,
877 2201 920 2240 et
950 2199 995 2240 in
1024 2199 1078 2240 iis
1111 2198 1280 2253 quidem
1313 2199 1531 2254 exemplis,
1550 2209 1585 2236 3⁵
