1673 2505
428 68 726 105 ORATIONUM.
754 69 794 102 A.
821 68 888 103 VlI
915 72 1063 103 25—31.
1326 69 1411 110 249

132 177 322 220 contione.
370 175 468 217 Ideo
499 177 634 217 ceteris
666 178 841 229 peractis
870 189 960 217 cum
999 177 1042 217 id
1065 176 1194 218 solum
1224 180 1412 241 superest,

132 239 179 277 ut
206 235 382 288 populus
418 236 657 276 sententiam
691 235 815 288 serat,
862 234 966 275 iubet
1000 248 1089 275 eum
1126 235 1179 287 is,
1222 236 1293 287 qui
1331 236 1412 286 fcit

134 295 264 347 leqem,
294 294 509 342 discederc,·
541 294 649 346 quod
676 294 838 334 verbum
862 307 943 334 non
969 293 1040 334 hoc
1063 268 1277 346 siqniftcat,
1307 295 1414 346 quod

132 354 178 393 in
207 353 410 394 communi
446 353 743 401 consuetudine,
784 356 829 392 ut
865 352 1011 393 abeant
1046 353 1092 392 de
1128 365 1170 393 co
1208 352 1306 400 loco,
1344 352 1412 393 ubi

39 423 56 448 5
133 411 196 452 lex
229 411 404 463 feratur,
441 411 510 452 sed
544 414 590 451 ut
627 412 669 451 in
699 424 818 451 suam
849 412 1014 464 quisque
1045 410 1194 451 tribum
1225 411 1413 464 discedat,

132 471 176 511 in
207 483 287 522 qua
317 472 376 511 est
403 469 650 522 suffraqium
682 469 852 511 laturus.

563 536 743 572 PAULO
771 536 921 571 POST:

163 586 230 628 30.
280 585 422 627 Unum
473 589 634 638 tamen,
685 586 796 640 quod
846 586 925 627 hoc
975 586 1070 640 ipso
1120 588 1172 627 tr.
1222 587 1279 640 pl.
1329 586 1412 628 fac·

74 647 167 686 tum
199 647 281 698 est,
318 645 746 699 praetermittendum
784 659 871 686 non
908 644 1094 698 videtur3
1131 659 1267 699 neque
1300 646 1413 686 enim

24 717 56 741 ιο
76 703 213 745 maius
251 706 316 745 est
359 703 501 758 legere
545 704 750 755 codicem,
794 718 889 745 cum
932 703 1240 757 intercedatur,
1285 719 1413 758 quam

76 762 262 804 sitellam
294 762 435 817 ipsum
468 762 518 803 de
556 763 649 817 ipso
690 763 969 804 intercessore
1009 762 1172 803 deferre
1210 777 1286 804 nec
1320 777 1413 819 gra-

73 821 168 863 vius
212 821 397 876 incipere
441 820 551 862 ferre
597 836 723 875 quam
768 820 956 876 perferre
999 836 1076 862 nec
1119 821 1413 863 vehementius

75 880 297 922 ostendere
336 894 380 921 se
418 880 607 921 laturum
644 881 779 922 invito
824 880 991 935 collega
1036 895 1164 934 quam
1207 880 1291 935 ipsi
1329 881 1414 922 col-

76 939 198 994 legae
242 939 546 995 magistratum
591 940 801 994 abrogare
844 953 920 980 nec
965 939 1235 980 criminosius
1274 939 1413 981 tribus

22 1009 55 1034 15
76 998 128 1039 ad
168 998 306 1053 legem
345 997 632 1052 accipiendam
666 1012 793 1052 quam
827 998 880 1038 ad
911 998 1122 1053 collegam
1155 998 1415 1039 reddendum

73 1056 290 1111 privatum
321 1056 436 1096 intro
470 1070 638 1110 vocare3
681 1071 788 1110 quae
821 1057 887 1096 vir
919 1056 1042 1096 fortis
1076 1056 1201 1097 huius
1234 1057 1415 1112 collega,

75 1115 126 1156 A.
147 1113 368 1166 Gabinius,
399 1115 443 1155 in
468 1129 514 1156 re
540 1115 704 1169 optima
730 1114 831 1156 fecit
857 1114 1018 1167 omnia3
1049 1129 1198 1169 neque,
1230 1130 1326 1157 cum
1352 1130 1416 1156 sa-

75 1173 208 1214 lutem
241 1174 401 1228 populo
433 1172 630 1215 Romano
664 1176 792 1227 atque
825 1173 1023 1214 omnibus
1057 1174 1257 1228 gentibus
1286 1174 1416 1215 finem

76 1231 300 1273 diuturnae
322 1232 605 1286 [cupiditatis]
629 1232 906 1286 turpitudinis
927 1234 969 1273 et
991 1233 1211 1273 servitutis
1233 1233 1417 1287 afferret,

23 1302 56 1328 20
76 1305 229 1346 passus
268 1292 334 1332 est
369 1291 465 1345 plus
506 1291 630 1332 unius
676 1292 868 1346 collegae
912 1291 978 1332 sui
1021 1305 1150 1345 quam
1192 1292 1416 1334 universae

77 1349 267 1391 civitatis
298 1364 446 1391 vocem
477 1351 608 1392 valere
640 1352 681 1391 et
712 1350 992 1391 voluntatem.

222 1408 497 1460 Manifestum
530 1413 588 1450 est
617 1410 664 1450 de
694 1423 741 1450 ea
772 1410 851 1462 leqe
876 1408 1031 1451 Gabini
1056 1408 1284 1451 Ciceronem
1308 1423 1419 1452 nunc

134 1467 273 1519 dicere,
298 1481 380 1520 qua
406 1466 478 1510 Gn.
497 1467 688 1520 Pompeio
713 1468 858 1509 bellum
883 1469 1074 1510 adversus
1091 1470 1257 1521 piratas
1275 1470 1417 1511 datum

135 1529 201 1568 est.
244 1526 293 1567 L.
318 1529 453 1568 autem
481 1527 700 1568 Trebellius
725 1530 782 1569 est
807 1527 993 1568 tribunus
1017 1527 1158 1580 plebis,
1190 1541 1305 1580 quem
1335 1541 1418 1569 non

24 1596 58 1622 25
134 1585 341 1634 nominat‚·
385 1599 462 1638 quo
497 1589 775 1639 perseverante
820 1586 1055 1628 intercedere
1097 1586 1215 1640 (nam
1257 1588 1419 1628 senatui

127 1644 377 1696 promiserat
404 1646 650 1686 moriturum
679 1658 720 1686 se
747 1648 850 1698 ante,
881 1658 1005 1698 quam
1030 1645 1104 1686 illa
1130 1646 1193 1687 lex
1217 1646 1417 1698 perferre-

135 1702 223 1757 tur)
253 1703 362 1744 intro
398 1716 538 1745 vocare
568 1703 697 1744 tribus
729 1703 932 1745 Gabinius
964 1705 1104 1757 coepit,
1143 1708 1190 1745 ut
1223 1705 1418 1746 Trebellio

136 1761 421 1814 maqistratum
457 1762 685 1816 abroqaret,
725 1763 829 1804 sicut
863 1763 1068 1815 quondam
1108 1763 1170 1804 Ti.
1209 1762 1419 1805 Gracchus

137 1820 324 1862 tribunus
360 1821 424 1862 M.
463 1820 625 1862 Octavio
662 1821 830 1874 colleqae
865 1835 938 1863 suo
980 1822 1265 1875 maqistratum
1302 1823 1417 1864 abro-

26 1889 60 1916 so
133 1880 256 1932 qavit.
300 1879 361 1920 Et
383 1879 640 1932 aliquamdiu
668 1880 888 1922 Trebellius
918 1894 965 1922 ea
995 1894 1039 1922 re
1067 1894 1150 1922 non
1179 1882 1419 1933 perterritus

138 1938 278 1980 aderat
294 1939 578 1991 perstabatquc
602 1940 647 1980 in
671 1939 959 1991 intercessione,
984 1940 1092 1992 quod
1108 1941 1264 1981 wiuari
1288 1941 1419 1994 maqis

136 2010 259 2049 quam
282 2001 633 2050 perseveraturmii
664 2011 744 2040 esse
770 1997 994 2040 Gabiniam
1020 1999 1320 2049 arbitrabatur;
1351 1999 1422 2041 sed

130 2059 346 2109 postquam
383 2056 431 2097 X
463 2059 500 2097 et
538 2056 631 2098 VH
664 2057 792 2098 tribus
828 2058 1074 2111 roqationem
1111 2061 1347 2111 acceperunt
1383 2061 1421 2099 et

137 2128 222 2155 una
241 2115 355 2156 modo
374 2118 592 2168 supererat,
617 2119 663 2156 ut
679 2116 825 2169 populi
849 2117 1006 2158 iussum
1024 2117 1238 2170 conficeret,
1262 2117 1422 2160 remisit

27 2183 60 2210 ³⁵
137 2174 455 2215 intercessionem
488 2174 719 2224 Trebellius,
751 2177 869 2228 atque
898 2175 958 2216 ‘ita
990 2175 1110 2229 leqem
1136 2174 1342 2218 Gabinius
1372 2177 1421 2218 dc

133 2232 284 2285 piratis
306 2233 592 2285 persequendis
614 2233 795 2287 pertulit.

168 2290 235 2332 31.
268 2290 328 2331 At
359 2292 472 2333 enim
505 2291 555 2333 de
587 2291 838 2348 corrigenda
870 2293 965 2349 lege
997 2293 1269 2335 rettulerunt.
