1663 2490
122 507 176 548 29

122 567 188 598 104

198 67 281 107 124
718 66 782 101 DE
808 66 1005 101 OFFICHS

192 174 361 215 videtur
392 174 639 229 honestum,
670 174 948 216 conservandi
979 174 1085 216 iuris
1115 174 1284 216 iurandi
1316 189 1444 216 causa
1477 175 1530 217 ad

192 233 429 275 cruciatum
453 233 704 286 revertisse3
736 232 809 274 sed
833 233 883 273 fit
907 247 994 274 non
1018 232 1260 287 honestum,
1287 234 1397 288 quia,
1418 235 1529 288 quod

194 306 269 345 per
294 291 599 335 vimrhostium
626 293 739 332 esset
770 293 925 344 actum,
956 293 1099 332 ratum
1125 305 1217 333 esse
1241 305 1329 333 non
1355 291 1528 333 debuit'.

192 350 368 391 Addunt
400 350 542 404 etiam,
574 349 774 403 quicquid
804 349 928 391 valde
959 349 1065 391 utile
1098 351 1172 404 sit,
1205 350 1249 391 id
1278 350 1372 391 fieri
1402 350 1530 392 hone-

193 411 319 463 stum,
352 408 522 450 etiamsi
553 410 681 449 antea
710 422 797 449 non
827 407 1053 449 videretur.
1113 408 1231 450 Haec
1254 407 1344 450 fere
1380 412 1530 451 contra

192 467 419 523 Regulum.
481 465 563 508 Sed
594 466 734 521 prima
764 466 995 508 videamus.

282 525 396 567 tNon
419 525 503 566 fuit
527 524 722 580 Iuppiter
747 524 998 567 metuendus
1017 539 1070 566 ne
1090 525 1225 566 iratus
1246 529 1430 581 noceret,
1457 526 1530 580 qui

190 598 327 639 neque
352 584 480 625 irasci
502 584 612 625 solet
636 597 713 625 nec
737 583 917 625 nocere?
967 582 1084 625 Haec
1110 584 1280 638 quidem
1306 584 1416 626 ratio
1442 599 1529 626 non

192 643 331 698 magis
364 645 515 684 contra
546 641 704 697 Reguli
730 656 858 696 quam
884 645 1034 684 contra
1061 656 1185 683 omne
1209 643 1276 683 ius
1302 643 1529 684 iurandum

192 702 319 743 valet.
381 699 463 742 Sed
493 701 538 742 in
569 701 660 742 iure
691 701 870 742 iurando
902 715 989 742 non
1021 701 1093 755 qui
1125 703 1283 755 metus,
1315 701 1388 743 sed
1420 716 1528 756 quae

190 760 256 801 vis
289 761 357 814 sit,
390 760 517 801 debet
546 759 762 815 intellegi3
799 762 864 801 est
902 760 1015 801 enim
1052 760 1117 800 ius
1149 759 1375 801 iurandum
1408 761 1530 801 adfir-

191 819 325 860 matio
346 818 570 874 religiosa3
603 819 716 873 quod
742 821 886 860 autem
913 818 1137 859 adfirmate
1165 818 1287 873 quasi
1315 818 1392 860 deo
1418 822 1530 860 teste

190 877 452 932 promiseris,
483 877 527 918 id
558 877 788 918 tenendum
820 880 896 918 est.
957 876 1050 918 Iam
1083 876 1196 918 enim
1226 891 1313 919 non
1343 877 1396 918 ad
1420 878 1530 919 iram

191 936 379 990 deorum,
411 950 518 990 quae
549 935 670 977 nulla
702 938 780 990 est,
811 935 885 977 sed
916 935 969 977 ad
999 935 1211 977 iustitiam
1244 939 1287 977 et
1318 936 1372 977 ad
1403 936 1530 977 fidem

189 995 388 1053 pertinet.
449 993 563 1036 Nam
594 969 813 1049 praeclai'e
844 994 1026 1035 Ennius:

251 1043 285 1096 (s)
322 1053 477 1095 Fides
521 1053 656 1094 alma
695 1054 818 1108 apta
854 1053 1029 1108 pinnis
1068 1053 1224 1095 etius
1262 1054 1530 1095 iurandum

1197 1111 1351 1153 Iovis!

190 1170 308 1220 Qui
297 1185 363 1213 lus
389 1171 525 1226 igitur
548 1171 775 1212 iurandum
801 1170 991 1224 violat,
980 1185 1016 1212 ls
1041 1170 1188 1212 Fidem
1214 1171 1366 1225 violat,
1401 1186 1529 1225 quam

189 1230 235 1271 in
272 1229 488 1284 Capitolio
536 1229 741 1272 ‘vicinam
784 1228 900 1271 Iovis
948 1229 1101 1284 optimi
1138 1229 1347 1283 maximi',
1391 1233 1439 1271 ut
1485 1230 1530 1271 in

191 1287 368 1331 Catonis
410 1288 604 1330 oratione
641 1292 724 1342 est,
767 1288 951 1330 maiores
987 1288 1127 1329 nostri
1165 1302 1256 1329 esse
1287 1289 1528 1330 voluerunt.

123 1357 187 1390 105
207 1347 269 1388 At
301 1347 413 1388 enim
444 1361 498 1388 ne
528 1347 664 1389 iratus
695 1347 865 1401 quidem
895 1346 1090 1401 Iuppiter
1127 1347 1224 1401 plus
1256 1346 1424 1402 Regulo
1455 1362 1528 1389 no-

190 1406 360 1460 cuisset,
387 1420 516 1460 quam
541 1406 625 1447 sibi
652 1406 799 1447 nocuit
822 1406 914 1460 ipse
939 1405 1143 1460 Regulus.
1188 1404 1326 1459 Certe,
1358 1406 1395 1447 si
1419 1406 1527 1448 nihil

190 1465 352 1506 malum
385 1467 498 1506 esset
528 1464 612 1505 nisi
645 1464 798 1506 dolere.
859 1463 909 1505 Id
941 1466 1084 1505 autem
1121 1478 1208 1505 non
1239 1464 1365 1506 modo
1406 1466 1527 1518 [non]

190 1538 405 1565 summum
437 1523 611 1577 malum,
643 1524 717 1565 sed
746 1537 800 1564 ne
832 1523 994 1564 malum
1024 1522 1195 1577 quidem
1221 1537 1314 1564 esse
1341 1523 1529 1565 maxima

190 1583 447 1624 auctoritate
479 1582 728 1637 philosophi
759 1581 1000 1623 adfirmant.
1050 1580 1240 1629 Quorum
1273 1581 1443 1636 quidem
1469 1585 1528 1624 te-

191 1644 301 1682 stem
331 1656 418 1682 non
449 1641 725 1695 mediocrem,
761 1641 835 1682 sed
865 1640 980 1682 haud
1018 1640 1105 1682 scio
1137 1655 1193 1681 an
1224 1640 1527 1696 gravissimum

189 1699 405 1755 Regulum
436 1700 583 1754 nolite,
616 1713 786 1754 quaeso,
817 1699 1073 1754 vituperare.
1124 1698 1258 1747 Quem
1279 1699 1391 1740 enim
1415 1699 1527 1742 locu-

188 1759 417 1813 pletiorem
449 1758 692 1812 quaerimus
725 1773 853 1812 quam
883 1758 1119 1812 principem
1151 1757 1300 1812 populi
1331 1757 1528 1813 Romani,

190 1818 263 1871 qui
294 1817 506 1858 retinendi
540 1817 669 1859 officii
701 1831 829 1858 causa
860 1817 1095 1858 cruciatum
1128 1817 1308 1858 subierit
1332 1817 1527 1859 volunta-

189 1876 330 1917 rium?
362 1875 476 1917 Nam
510 1876 623 1930 quod
654 1876 792 1918 aiunt:
826 1875 1020 1916 ‘minima
1051 1875 1101 1916 de
1133 1875 1275 1916 malis'
1278 1909 1288 1928 ‚
1319 1875 1362 1916 id
1389 1878 1454 1917 est
1479 1879 1527 1917 ut

189 1935 375 1989 turpiter
407 1935 550 1989 potius
584 1949 711 1990 quam
744 1934 1006 1988 calamitose,
1038 1948 1094 1975 an
1125 1936 1191 1975 est
1221 1934 1358 1975 ullum
1386 1934 1525 1976 maius
1547 1946 1561 1969 3

189 1994 353 2034 malum
385 1994 680 2049 turpitudine?
725 2008 832 2048 quae
873 1993 909 2035 si
940 1993 985 2034 in
1023 1992 1296 2034 deformitate
1334 1993 1526 2048 corporis

189 2052 322 2093 habet
366 2053 527 2106 aliquid
567 2052 831 2106 offensionis,
876 2054 1037 2106 quanta
1076 2051 1154 2093 illa
1192 2051 1441 2106 depravatio
1483 2054 1526 2094 et

122 2122 186 2153 106
207 2110 392 2152 foeditas
424 2111 660 2167 turpificati
690 2110 823 2153 animi
854 2111 981 2152 debet
1005 2109 1158 2152 videri!
1195 2109 1347 2164 Itaque
1379 2125 1526 2152 nervo-

190 2169 277 2211 sius
310 2169 383 2224 qui
420 2169 506 2211 ista
543 2170 775 2224 disserunt,
816 2170 954 2211 solum
993 2169 1151 2210 audent
1187 2169 1349 2210 malum
1389 2169 1525 2211 dicere

188 2228 243 2282 id,
275 2228 388 2282 quod
419 2231 543 2283 turpe
576 2229 644 2282 sit,
677 2228 748 2283 qui
780 2231 922 2270 autem
950 2227 1183 2282 remissius,
1213 2227 1245 2268 ii
1270 2230 1416 2269 tamen
1440 2242 1526 2269 non

189 2286 390 2328 dubitant
422 2301 635 2329 summum
667 2287 829 2328 malum
861 2287 1008 2328 dicere.
1052 2285 1166 2328 Nam
1197 2285 1306 2327 illud
1339 2286 1524 2341 quidem:

1549 715 1583 739 10

1550 1006 1584 1032 1⁵

1548 1358 1583 1383 20

1548 1650 1581 1676 25

1546 2237 1579 2264 35
