1663 2490
81 445 101 471 5

67 742 98 765 10

66 1036 95 1060 15

61 1330 96 1353 80

524 93 624 127 CAP.
654 97 800 128 ιιι-ιε.
851 96 870 135 5
896 97 1044 128 51--58,
1377 93 1452 134 181

119 201 388 243 tolerabilius
432 200 522 241 fieri
568 204 722 254 potest.
790 200 934 254 Atque
976 200 1057 242 hoc
1102 200 1272 254 quidem
1316 200 1457 241 videre

120 262 237 313 licet,
275 273 365 312 eos,
407 259 479 313 qui
511 263 638 300 antea
670 259 903 301 commodis
934 258 1094 300 fuerint
1132 259 1358 313 moribus,
1380 259 1456 299 im-

118 319 248 374 perio,
281 320 513 372 potestate,
547 318 762 372 prosperis
794 318 921 359 rebus
953 317 1194 369 inmutari[,
1227 317 1370 372 sperni
1403 317 1457 358 ab

117 377 170 418 iis
214 379 379 418 veteres
424 375 654 429 amicitias,
697 376 910 431 indulgeri
947 376 1101 428 novis].
1163 375 1272 424 Quid
1315 378 1457 417 autem

117 435 293 477 stultius
321 449 461 489 quam,
487 450 583 476 cum
609 435 842 489 plurimum
869 436 1015 490 copiis,
1045 435 1338 488 facultatibus,
1371 435 1458 489 opi-

116 495 195 536 bus
238 494 428 548 possint,
471 496 612 535 cetera
655 509 825 548 parare,
869 509 976 548 quae
1020 496 1228 548 parantur
1268 493 1459 548 pecunia,

117 566 261 607 equos,
291 552 491 606 famuloS,
522 555 685 593 vestem
719 553 956 608 egregiam,
987 567 1091 594 vasa
1121 553 1323 607 pretiosa,
1357 552 1458 593 ami-

116 626 187 653 cos
220 626 306 652 non
336 626 508 666 parare,
547 614 768 666 optumam
801 615 844 652 et
875 612 1209 666 pulcherrimam
1241 611 1373 661 vitae,
1411 614 1459 651 ut

116 672 179 712 ita
210 671 365 720 dicam,
404 670 746 724 supellectilem?
788 671 945 711 etenim
983 673 1125 712 cetera
1162 685 1257 712 cum
1290 672 1458 725 parant,

117 729 183 771 cui
216 731 386 784 parent,
423 729 636 782 nesciunt,
676 743 753 770 nec
791 729 909 770 cuius
947 743 1074 771 causa
1110 729 1311 771 laborent
1347 727 1457 784 (eius

117 788 229 829 enim
262 791 328 829 est
353 788 535 829 istorum
568 788 764 842 quidque,
797 789 869 842 qui
896 788 998 829 vicit
1022 786 1220 844 viribus),
1253 787 1458 829 amicitia-

117 862 210 888 rum
243 861 320 888 sua
352 847 502 900 cuique
534 850 758 901 permanet
792 847 962 888 stabilis
995 850 1038 888 et
1069 850 1187 889 certa
1224 847 1459 901 possessi03

116 909 180 956 ut,
219 906 390 947 etiamsi
421 906 496 947 illa
528 909 748 959 maneant,
787 921 894 960 quae
927 909 1027 947 sunt
1059 906 1183 959 quasi
1215 906 1326 947 dona
1357 905 1457 947 For-

115 969 265 1018 tunae,
302 969 448 1005 tamen
479 964 569 1005 vita
606 965 770 1006 inculta
807 967 850 1005 et
887 965 1055 1005 deserta
1094 965 1147 1005 ab
1188 965 1335 1006 amicis
1372 979 1459 1005 non

117 1024 254 1078 possit
286 1037 378 1064 esse
410 1023 605 1064 iucunda.
668 1021 750 1064 Sed
780 1023 884 1065 haec
916 1023 1135 1064 hactenus.

203 1080 503 1123 Constituendi
530 1084 673 1123 autem
699 1084 812 1136 sunt,
845 1082 917 1135 qui
943 1082 1030 1123 sint
1059 1082 1105 1122 in
1131 1082 1322 1123 amicitia
1351 1082 1457 1124 fines
1475 1068 1529 1110 16

115 1144 158 1182 et
190 1140 313 1194 quasi
344 1140 518 1182 termini
551 1140 768 1196 diligendi.
817 1139 882 1181 De
915 1140 1070 1195 quibus
1101 1143 1191 1182 tres
1218 1140 1341 1182 video
1368 1155 1458 1183 sen-

114 1200 273 1241 tentias
305 1198 426 1252 ferri,
458 1214 639 1253 quarum
671 1199 835 1240 nullam
866 1200 1022 1254 probo,
1053 1214 1200 1252 unam,
1231 1203 1280 1241 ut
1309 1200 1457 1242 eodem

116 1258 241 1300 modo
280 1272 383 1313 erga
421 1258 605 1299 amicum
644 1257 800 1300 adfecti
839 1258 990 1312 simus,
1029 1273 1113 1313 quo
1152 1273 1255 1313 erga
1287 1262 1458 1301 nosmet

116 1318 245 1372 ipsos,
278 1317 479 1371 alteram,
509 1319 558 1358 ut
588 1320 739 1358 nostra
770 1317 814 1358 in
847 1317 1007 1359 amicos
1039 1317 1332 1359 benivolentia
1363 1319 1456 1360 illo-

114 1391 209 1417 rum
242 1390 346 1431 erga
377 1390 454 1417 nos
487 1375 804 1417 benivolentiae
841 1376 1004 1431 pariter
1042 1377 1364 1431 aequaliterque
1396 1391 1457 1418 re-

114 1436 340 1489 spondeat,
385 1435 578 1488 tertiam,
620 1438 685 1487 ut,
725 1435 873 1489 quanti
913 1435 1092 1489 quisque
1131 1449 1175 1476 se
1212 1435 1304 1490 ipse
1341 1435 1457 1489 facit,

114 1494 226 1535 tanti
257 1494 335 1535 fiat
367 1494 420 1534 ab
453 1494 612 1536 amicis.
662 1493 828 1535 Harum
853 1494 985 1535 trium
1012 1494 1321 1536 sententiarum
1347 1495 1457 1536 nulli

114 1567 289 1607 prorsus
323 1552 551 1594 adsentior.
607 1552 696 1594 Nec
728 1552 840 1594 enim
872 1553 949 1594 illa
980 1553 1120 1608 prima
1152 1568 1254 1595 vera
1285 1557 1362 1608 est,
1397 1557 1457 1609 ut,

115 1626 240 1666 quem
273 1611 326 1652 ad
359 1611 532 1653 modum
564 1612 608 1652 in
641 1626 686 1653 se
718 1612 897 1666 quisque
929 1612 1000 1663 sit,
1033 1612 1092 1654 sic
1119 1613 1164 1653 in
1190 1612 1374 1655 amicum
1401 1613 1458 1654 sit

114 1671 342 1712 animatus.
392 1669 530 1718 Quam
556 1671 694 1712 multa
720 1671 844 1724 enim,
876 1685 984 1725 quae
1008 1673 1160 1713 nostra
1184 1685 1313 1713 causa
1338 1687 1457 1714 num-

114 1744 243 1784 quam
273 1729 523 1783 faceremus,
556 1729 734 1771 facimus
767 1744 895 1771 causa
926 1729 1177 1771 amicorum!
1209 1731 1374 1785 precari
1401 1731 1454 1773 ab

114 1788 311 1844 indigno,
348 1788 609 1843 supplicare,
647 1791 740 1830 tum
778 1788 971 1830 acerbius
1009 1789 1054 1830 in
1092 1789 1279 1843 aliquem
1310 1790 1455 1832 invehi

113 1846 399 1901 insectarique
431 1847 744 1901 vehementius,
782 1862 890 1902 quae
927 1847 973 1888 in
1009 1848 1172 1889 nostris
1210 1848 1336 1890 rebus
1368 1863 1455 1891 non

114 1906 218 1947 satis
245 1906 438 1961 honeste,
462 1906 506 1947 in
532 1907 767 1948 amicorum
793 1906 902 1948 fiunt
927 1906 1248 1960 honestissime3
1276 1908 1454 1950 multae-

114 1979 194 2019 que
225 1979 292 2006 res
326 1968 442 2019 sunt,
479 1966 524 2006 in
563 1966 717 2020 quibus
756 1965 806 2006 de
845 1966 932 2007 suis
972 1966 1208 2007 commodis
1240 1966 1319 2008 viri
1352 1967 1455 2009 boni

115 2024 251 2065 multa
288 2023 520 2066 detrahunt
558 2024 810 2079 detrahique
853 2024 1096 2079 patiuntur,
1138 2027 1188 2066 ut
1229 2025 1282 2066 iis
1328 2026 1453 2068 amici

113 2083 256 2137 potius
289 2097 417 2137 quam
446 2083 529 2138 ipsi
554 2083 763 2125 fruantur.
814 2082 966 2125 Altera
993 2084 1206 2125 sententia
1237 2087 1314 2138 est,
1345 2099 1454 2139 quae

112 2142 261 2182 definit
286 2142 520 2183 amicitiam
546 2143 723 2197 paribus
751 2142 902 2184 officiis
931 2157 978 2184 ae
1004 2143 1315 2185 voluntatibus,
1358 2144 1452 2186 Hoc

75 2212 90 2236 ⁵
112 2200 282 2254 quidem
312 2203 378 2242 est
408 2201 536 2243 nimis
569 2202 719 2257 exigue
746 2205 788 2243 et
814 2202 982 2243 exiliter
1008 2202 1060 2243 ad
1086 2202 1274 2244 calculos
1299 2217 1453 2245 vocare

111 2259 364 2313 amicitiam,
401 2262 450 2301 ut
486 2275 565 2315 par
603 2261 661 2301 sit
697 2261 809 2302 ratio
848 2264 1120 2315 acceptorum
1159 2264 1203 2303 et
1241 2262 1452 2304 datorum.

111 2317 299 2360 Divitior
329 2318 436 2360 mihi
468 2323 511 2361 et
543 2319 788 2361 affluentior
819 2319 987 2361 videtur
1013 2334 1104 2362 esse
1130 2335 1232 2362 vera
1260 2321 1450 2362 amicitia

1484 386 1528 418 55

1485 1120 1528 1151 56

1484 1506 1525 1537 5⁷

1479 2095 1522 2127 58
