1673 2505
216 65 301 106 266
732 64 1034 99 FRAGMENTA

273 186 377 226 quae
407 176 465 214 est
494 176 609 214 extra
631 175 798 225 portam
824 171 1122 213 Carmentalem
1153 173 1259 214 inter
1286 173 1425 225 forum
1455 172 1554 215 holi-

275 232 425 273 torium
456 234 492 272 et
521 232 671 272 circum
702 230 747 271 F
751 231 991 279 laminium;
1030 244 1077 271 ea
1115 232 1222 272 enim
1258 232 1346 273 sola
1377 235 1462 272 tum
1492 232 1554 273 de-

273 303 387 331 mum
416 289 573 330 Romae
602 292 691 330 erat
720 288 930 340 Apollinis
960 290 1083 330 aedes.

362 349 566 400 Loquitur
597 360 688 388 cum
719 346 926 388 Catilina:

305 407 371 449 20.
405 405 515 454 Quid
551 408 600 446 tu
637 407 760 460 potes
791 405 837 446 in
869 404 1112 446 defensione
1143 407 1219 446 tua
1250 405 1406 459 dicere,
1444 406 1557 460 quod
1593 417 1608 442 5

215 465 282 506 illi
318 479 405 506 non
443 465 650 505 dixerint?
713 463 774 505 At
807 464 872 505 illi
908 464 1040 505 multa
1077 463 1291 518 dixerunt,
1330 479 1438 518 quae
1475 464 1558 505 tibi

216 524 354 565 dicere
386 537 473 564 11011
504 522 662 564 licebit.

363 585 399 622 et
422 581 551 634 paulo
575 584 692 634 post:

305 641 371 681 21.
404 639 598 693 Denique
635 639 700 680 illi
736 653 894 694 negare
932 641 1165 694 potuerunt
1205 641 1247 680 eb
1277 641 1556 694 negaverunt,

216 702 262 740 tu
299 698 382 739 tibi
419 713 471 739 ne
508 698 721 738 infitiandi
760 698 931 752 quidem
967 698 1258 752 impudentiae
1290 697 1432 738 locum
1463 697 1557 738 reli·
1578 710 1610 734 10

217 757 360 811 quisti.
423 755 563 805 Quare
600 757 822 811 praeclara
860 756 1052 798 dicentur
1095 756 1251 798 iudicia
1294 756 1463 809 tulisse,
1509 756 1557 810 si,

217 816 289 869 qui
320 815 578 856 infitiantem
607 815 808 857 Luscium
840 815 1189 869 condemnarunt,
1221 813 1454 856 Catilinam
1487 815 1557 855 ab·

218 874 428 916 solverint
461 874 750 916 confitentem.

362 933 463 982 Hic,
506 946 623 985 quem
659 933 863 986 nominat,
901 933 949 974 L.
987 933 1178 986 Luscius,
1221 935 1342 974 notus
1379 933 1557 974 centurio

273 991 473 1034 Sullanus
515 992 698 1044 divesque
746 1005 795 1033 ex
836 992 1006 1033 victoria
1046 993 1179 1043 factus
1216 989 1334 1044 (nam
1378 991 1557 1044 amplius
1578 1003 1610 1028 15

274 1051 417 1092 centies
456 1050 722 1104 possederat),
766 1051 986 1092 damnatus
1029 1053 1117 1092 erat
1156 1064 1239 1092 non
1285 1050 1410 1091 multo
1453 1054 1557 1103 ante,

273 1123 396 1162 quam
429 1108 565 1151 Cicero
601 1110 716 1150 dixit.
780 1108 960 1151 Obiectae
995 1112 1093 1151 sunt
1128 1110 1164 1150 ci
1195 1112 1273 1150 tres
1303 1110 1438 1150 caedes
1462 1123 1557 1162 pro-

273 1169 527 1221 scriptorum.
590 1167 710 1210 Circa
750 1169 903 1210 eosdem
946 1169 1030 1210 dies
1066 1168 1114 1209 L.
1156 1181 1309 1221 quoque
1344 1168 1558 1210 Bellienus

274 1228 494 1268 damnatus
530 1230 601 1277 est,
638 1240 755 1280 quem
787 1226 922 1268 Cicero
959 1229 1021 1268 ait
1056 1228 1301 1268 avunculum
1339 1240 1418 1269 esse
1450 1226 1556 1268 Cati-

275 1287 394 1328 linae.
442 1286 527 1327 Hic
557 1289 691 1327 autem
716 1285 951 1327 Lucretium
979 1286 1154 1338 Ofellam
1184 1285 1438 1327 con-sulatum
1468 1299 1558 1327 con-
1577 1298 1610 1323 20

275 1348 341 1386 tra
383 1345 628 1385 voluntatem
671 1343 812 1385 Sullae
860 1345 916 1386 ad
965 1345 1212 1386 turbandum
1259 1348 1411 1386 statum
1459 1345 1556 1386 civi—

275 1404 371 1444 tatis
400 1406 599 1455 petentem
636 1404 833 1444 occiderat
868 1405 982 1445 iussu
1019 1402 1159 1445 Sullae
1203 1406 1297 1444 tunc
1338 1404 1556 1445 dictatoris.

274 1462 358 1503 His
389 1475 478 1514 erqo
509 1465 629 1514 negat
656 1462 838 1514 iynotum
869 1475 966 1515 esse,
997 1475 1088 1503 cum
1118 1465 1156 1503 et
1184 1462 1390 1514 imperitos
1419 1475 1460 1503 se
1489 1461 1557 1503 ho-

273 1521 402 1561 mines
433 1533 514 1561 esse
545 1524 591 1574 et,
622 1520 659 1562 si
689 1534 805 1572 quem
835 1521 959 1562 etiam
988 1521 1290 1573 interfecissent,
1320 1521 1557 1573 imperatori

274 1592 321 1620 ao
346 1579 535 1619 dictatori
550 1579 742 1631 paruisse
767 1579 941 1620 elicerent
964 1593 1012 1621 ac
1036 1583 1230 1632 neyarent
1252 1593 1415 1632 quoque,
1448 1578 1556 1621 Cati·
1576 1590 1609 1616 25

275 1638 405 1678 linam
435 1651 525 1678 vero
556 1638 734 1690 infitiari
763 1651 845 1679 non
868 1651 997 1690 posse.
1044 1638 1187 1679 Huius
1211 1641 1345 1679 autem
1371 1638 1557 1680 criminis

267 1696 506 1748 periculum,
537 1697 644 1749 quod
667 1696 785 1737 obicit
808 1696 955 1747 Cicero,
977 1710 1133 1750 paucos
1149 1700 1246 1749 post
1268 1710 1421 1738 menses
1447 1696 1556 1738 Cati-

274 1755 362 1795 lina
398 1754 532 1796 subiit.
594 1754 695 1796 Post
730 1754 869 1806 effecta
906 1757 1013 1797 enim
1050 1757 1215 1797 comitia
1251 1756 1485 1797 consular-ia
1521 1758 1558 1796 et

273 1812 477 1854 Catilinae
512 1814 718 1866 repulsam
751 1815 848 1866 fecit
882 1827 973 1855 eum
1009 1828 1123 1855 reum
1159 1815 1265 1855 inter
1300 1815 1470 1856 sicarios
1506 1814 1555 1854 L.

271 1871 467 1913 Lucceius
495 1875 675 1924 paratus
711 1873 984 1926 eruditusque,
1024 1874 1095 1925 qui
1123 1876 1267 1926 postea
1303 1872 1555 1914 consulatum
1575 1884 1608 1909 30

272 1944 424 1983 quoque
446 1931 577 1983 petiit.

301 1989 369 2029 22.
402 1988 525 2030 Hanc
556 1991 602 2030 'cu
632 1989 766 2031 habes
794 1989 1062 2043 dignitatem,
1095 2004 1178 2043 qua
1202 1989 1339 2030 fretus
1366 2004 1434 2030 me
1460 2004 1555 2031 con-

212 2047 370 2088 temnis
416 2050 458 2088 eb
502 2047 705 2102 despicis,
749 2063 804 2089 an
848 2063 962 2102 eam,
1007 2063 1132 2102 quam
1178 2048 1345 2102 reliqua
1381 2048 1472 2090 vita
1510 2062 1553 2088 es

213 2107 495 2148 consecutus?
537 2121 633 2148 eum
664 2107 727 2148 ita
757 2106 923 2161 vixisti,
959 2109 1008 2148 ub
1044 2121 1131 2148 non
1169 2110 1281 2148 esset
1313 2107 1431 2148 locus
1463 2109 1553 2148 tam

212 2166 406 2218 sanetus,
451 2179 533 2219 quo
578 2180 666 2207 non
704 2165 910 2207 adventus
949 2168 1068 2219 tuus,
1114 2165 1243 2206 etiam
1288 2180 1384 2207 cum
1428 2165 1555 2220 culpa
1574 2175 1607 2202 35

211 2223 332 2265 nulla
365 2223 578 2277 subesset,
612 2224 772 2266 crimen
805 2225 994 2278 afferrem

356 2282 505 2337 Fabia,
536 2284 647 2337 viryo
681 2283 863 2338 Vestalis,
894 2296 1060 2325 causam
1090 2284 1232 2326 incesti
1261 2284 1431 2334 dixerat,
1464 2296 1555 2325 cum
