1663 2490
179 112 234 152 22
700 111 763 145 DE
789 111 986 146 OFFICIIS

177 219 281 261 tudo
308 235 432 261 usum
459 235 626 275 quoque
652 219 1084 274 exercitationemque
1105 219 1329 261 desiderat.
1367 225 1512 275 Atque

179 278 232 320 ab
270 278 322 319 iis
360 279 505 333 rebus,
545 294 652 333 quae
690 281 790 320 sunt
827 279 871 318 in
908 278 998 320 iure
1037 278 1254 320 societatis
1287 278 1512 333 humanae,

179 351 302 384 quem
343 337 396 378 ad
433 338 605 379 modum
645 337 823 394 ducatur
861 336 1106 391 honestum,
1150 352 1200 378 ex
1240 352 1322 391 quo
1362 341 1511 392 aptum

179 398 244 436 est
276 396 481 450 officium,
515 397 620 437 satis
652 395 740 436 fere
773 395 966 437 diximus.

110 476 149 508 61
266 465 609 521 Intellegendum
642 468 784 506 autem
824 468 909 519 est,
941 480 1036 507 cum
1068 467 1292 521 proposita
1324 467 1411 508 sint
1444 481 1512 522 ge·
1550 479 1565 504 5

177 539 281 566 nera
307 527 524 578 quattuor,
550 539 571 566 e
598 524 752 578 quibus
778 524 981 565 honestas
1008 523 1279 579 officiumque
1305 529 1512 579 manaret,

179 583 573 638 splendidissimum
612 583 765 635 videri,
803 583 915 637 quod
947 583 1089 625 animo
1122 598 1280 640 magno
1314 585 1512 639 elatoque

177 642 472 696 humanasque
515 656 583 683 res
629 641 888 696 despiciente
931 641 1093 683 factum
1137 643 1205 683 sit.
1272 642 1425 697 Itaque
1468 644 1514 684 in

176 701 347 756 probris
391 700 574 742 maxime
614 700 658 741 in
700 703 905 755 promptu
950 704 1032 754 est,
1076 700 1113 741 si
1157 701 1258 755 quid
1301 702 1387 743 tale
1432 702 1514 744 dici

176 762 336 814 potest:
1533 773 1567 798 10

237 828 347 870 ‘Vos
387 830 535 884 enim,
579 830 807 882 iuvenes,
844 829 1061 870 animum
1107 830 1292 884 geritis
1338 831 1514 871 mulie·

705 889 860 942 brem,
892 887 1007 929 illa’
1041 888 1163 943 virgo
1197 888 1338 929 ‘viri'

178 962 220 1000 et
254 959 288 1000 si
322 959 420 1013 quid
454 959 544 1001 eius
576 959 708 1000 modi:

238 1021 544 1076 Salmacida,
583 1024 750 1077 spolia
782 1022 890 1065 sine
924 1024 1106 1065 sudore
1139 1027 1188 1065 et
1221 1023 1478 1078 sanguine.

179 1088 422 1142 Contraque
455 1089 498 1129 in
530 1088 746 1142 laudibus,
778 1102 886 1142 quae
913 1102 1069 1143 magno
1097 1088 1238 1130 animo
1273 1091 1315 1129 et
1341 1088 1514 1130 fortiter

179 1147 520 1201 excellenterque
553 1150 677 1202 gesta
708 1150 826 1200 sunt,
859 1161 908 1187 ea
939 1147 1081 1188 nescio
1115 1161 1198 1201 quo
1231 1147 1356 1188 modo
1392 1148 1513 1201 quasi
1535 1159 1567 1185 15

178 1206 370 1260 pleniore
414 1220 485 1247 ore
529 1205 765 1246 laudamus.
837 1204 948 1246 Hinc
991 1206 1212 1247 rhetorum
1250 1220 1425 1260 campus
1464 1207 1514 1247 de

179 1265 452 1316 Marathone,
479 1263 713 1317 Salamine,
738 1264 943 1317 Plataeis,
964 1264 1282 1319 Thermopylis,
1309 1264 1514 1319 Leuctris,

178 1323 272 1365 hinc
302 1326 449 1365 noster
481 1322 647 1376 Cocles,
679 1323 777 1365 hinc
809 1322 946 1376 Decii,
978 1324 1076 1365 hinc
1107 1322 1183 1365 Cn.
1209 1326 1252 1364 et
1283 1322 1328 1364 P.
1356 1322 1515 1378 Scipio-

178 1396 271 1436 neS,
303 1382 401 1424 hinc
421 1382 476 1423 M.
497 1381 741 1435 Marcellus,
766 1382 1098 1423 innumerabiles
1124 1381 1216 1435 alii,
1247 1381 1514 1436 maximeque

178 1441 271 1496 ipse
314 1442 498 1496 populus
543 1441 761 1482 Romanus
813 1441 944 1482 animi
994 1441 1288 1496 magnitudine
1333 1441 1514 1483 excellit.
1533 1454 1566 1479 20

178 1500 435 1542 Declaratur
468 1502 611 1541 autem
644 1500 832 1540 studium
866 1499 1043 1541 bellicae
1070 1500 1251 1555 gloriae,
1285 1500 1398 1554 quod
1430 1502 1513 1541 sta-

181 1562 278 1600 tuas
312 1574 478 1613 quoque
510 1559 703 1599 videmus
735 1561 890 1600 ornatu
920 1558 1008 1599 fere
1041 1559 1231 1600 militari.

111 1615 164 1656 19
268 1627 350 1670 Sed
382 1644 432 1671 ea
463 1629 594 1670 animi
626 1628 774 1681 elatio,
806 1642 913 1682 quae
945 1628 1131 1670 cernitur
1162 1628 1206 1669 in
1238 1629 1437 1683 periculis
1471 1632 1513 1670 et

110 1668 152 1698 62
182 1688 423 1741 laboribus,
455 1688 490 1728 si
522 1688 690 1729 iustitia
721 1690 847 1728 vacat
872 1690 1120 1742 pugnatque
1151 1701 1237 1729 non
1263 1702 1340 1742 pro
1373 1688 1513 1729 salute

180 1747 412 1800 communi,
450 1746 523 1787 sed
560 1761 638 1801 pro
678 1746 764 1787 suis
796 1746 1048 1799 commodis,
1084 1746 1128 1787 in
1159 1746 1264 1787 vitio
1298 1749 1383 1801 est,
1427 1761 1514 1788 non
1533 1758 1566 1783 2⁵

180 1806 306 1847 modo
339 1806 452 1847 enim
483 1805 526 1846 id
557 1805 730 1846 virtutis
763 1819 848 1846 non
880 1808 961 1858 est,
999 1805 1072 1846 sed
1110 1807 1175 1846 est
1206 1805 1349 1859 potius
1381 1805 1514 1847 inma-

179 1864 329 1906 nitatis
362 1879 531 1906 omnem
557 1864 870 1905 humanitatem
895 1863 1154 1918 repellentis.
1202 1863 1354 1918 Itaque
1379 1865 1514 1919 probe

181 1923 381 1965 definitur
419 1939 443 1964 a
475 1921 628 1964 Stoicis
666 1923 892 1976 fortitudo,
932 1937 1027 1964 eum
1059 1937 1152 1963 eam
1184 1922 1389 1964 virtutem
1421 1938 1514 1965 esse

182 1983 327 2024 dicunt
346 1985 691 2037 propugnantem
712 1996 789 2036 pro
811 1981 1037 2035 aequitate.
1063 1980 1270 2029 Quocirca
1288 1996 1426 2036 nemo,
1442 1982 1515 2037 qui

180 2041 448 2083 fortitudinis
476 2041 660 2096 gloriam
686 2043 937 2082 consecutus
970 2043 1035 2081 est
1061 2040 1227 2081 insidiis
1260 2043 1302 2081 et
1334 2041 1513 2095 malitia,
1532 2052 1567 2077 3⁰

180 2100 351 2142 laudem
383 2103 449 2141 est
481 2099 678 2154 adeptus,
709 2099 815 2140 nihil
844 2099 956 2140 enim
982 2098 1211 2141 honestum
1238 2113 1330 2140 esse
1356 2102 1512 2154 potest,

112 2171 155 2202 63
185 2159 296 2214 quod
327 2158 494 2200 iustitia
524 2161 660 2199 vacat.
709 2157 981 2199 Praeclarum
1012 2158 1146 2213 igitur
1171 2158 1279 2198 illud
1299 2158 1512 2200 Platonis:

183 2217 349 2271 ‘Non',
380 2217 537 2271 inquit,
570 2216 754 2258 ‘solum
787 2216 1020 2270 scientia,
1053 2231 1178 2271 quae
1211 2220 1289 2258 est
1319 2221 1514 2259 remota

184 2277 243 2318 ab
282 2276 504 2327 iustitia,
543 2276 807 2317 calliditas
852 2275 1023 2331 potius
1069 2290 1214 2329 quam
1253 2276 1514 2331 sapientia

185 2338 261 2377 est
299 2335 626 2391 appellanda,
664 2349 833 2376 verum
874 2335 1026 2389 etiam
1065 2335 1259 2376 animus
1304 2337 1514 2390 paratus
1534 2345 1567 2371 ³⁵
