1663 2490
125 553 153 593 4

111 739 151 769 15

109 1326 149 1356 17

107 1972 146 2003 18

176 32 234 72 94
700 34 762 67 DE
790 33 988 68 OFFICIIS

178 139 415 195 intellegit3
447 143 657 195 quatenus
687 144 829 182 autem
855 141 1083 197 intellegit,
1114 142 1223 183 nihil
1248 145 1374 197 putat
1398 156 1516 198 prae-

178 199 443 252 termissum3
487 200 600 253 quod
636 200 748 240 idem
785 199 830 240 in
867 201 1096 254 poematis,
1139 201 1183 241 in
1214 201 1393 255 picturis
1436 216 1516 243 usu

178 258 297 299 venit
328 258 372 299 in
405 258 584 312 aliisque
617 258 921 312 compluribus,
952 261 1000 299 ut
1031 259 1296 300 delectentur
1326 260 1516 313 imperiti

178 316 436 371 laudentque
462 331 523 369 ea,
549 331 657 370 quae
684 317 895 357 laudanda
920 331 1006 358 non
1032 318 1130 367 sint,
1162 318 1216 359 ob
1243 333 1348 371 eam,
1380 318 1516 372 credo,

178 389 368 428 causam,
407 375 518 429 quod
556 375 660 416 insit
697 376 742 415 in
773 375 825 415 iis
857 375 1018 429 aliquid
1048 377 1191 430 probi,
1229 377 1341 431 quod
1373 377 1516 431 capiat

177 434 365 488 ignaros,
397 434 469 488 qui
502 433 691 487 quidem,
723 433 823 487 quid
855 434 898 474 in
930 449 1015 475 una
1046 449 1212 489 quaque
1243 450 1288 477 re
1321 435 1414 477 vitii
1447 436 1516 489 sit,

177 495 392 546 nequeant
428 492 632 546 iudieare3
669 493 831 546 itaque,
868 507 962 533 cum
1004 496 1104 533 sunt
1141 493 1253 535 docti
1293 509 1318 535 a
1354 494 1517 549 peritis,

178 551 391 592 desistunt
421 550 546 592 facile
579 552 801 592 sententia.
852 550 969 592 Haec
1000 552 1134 606 igitur
1166 552 1318 606 officia,
1350 553 1400 593 de
1427 553 1516 607 qui·

178 610 256 650 bus
289 609 356 650 his
389 609 512 650 libris
546 609 805 663 disserimus,
838 610 959 664 quasi
994 610 1178 651 secunda
1210 611 1417 665 quaedam
1443 611 1516 652 ho·
1575 630 1578 633 ·

178 672 300 709 nesta
331 681 423 709 esse
456 668 621 721 dicunt,
653 683 738 709 non
771 669 1028 722 sapientium
1061 669 1186 709 inodo
1218 671 1411 724 propria,
1442 669 1516 711 sed

178 742 273 768 cum
318 727 434 768 omni
476 727 699 768 hominum
744 741 897 782 genere
943 728 1196 769 communia.
1268 727 1420 782 Itaque
1461 729 1515 769 iis

178 800 344 839 omnes,
380 785 425 826 in
463 786 617 840 quibus
650 788 716 827 est
752 786 927 827 virtutis
958 786 1141 840 indoles,
1180 789 1515 828 commoventur.

177 843 266 885 Nec
297 858 411 897 vero,
442 859 537 886 cum
571 845 652 886 duo
672 844 793 886 Decii
824 847 898 886 aut
924 844 1006 886 duo
1032 843 1249 899 Scipiones
1274 845 1408 887 fortes
1434 845 1515 887 viri

177 906 583 957 commemorantur,
626 906 701 945 aut
740 918 835 945 cum
879 903 1099 944 Fabricius
1149 905 1241 955 [aut
1284 904 1512 956 Aristides]

177 962 315 1003 iustus
340 962 600 1016 nominatur,
631 965 706 1004 aut
738 963 791 1003 ab
825 963 911 1003 illis
945 962 1209 1004 fortitudinis
1243 966 1317 1004 aut
1348 964 1401 1004 ab
1434 963 1514 1004 hoc

176 1021 367 1062 iustitiae
393 1024 616 1076 tamquam
642 1036 668 1062 a
692 1022 885 1075 sapiente
912 1023 1072 1076 petitur
1098 1023 1358 1076 exemplum3
1388 1036 1513 1063 nemo

177 1080 289 1121 enim
321 1080 475 1121 horum
508 1081 567 1122 sic
600 1080 781 1135 sapiens,
814 1083 861 1121 ut
893 1082 1131 1134 sapientem
1162 1081 1360 1122 volumus
1392 1081 1514 1122 intel-

176 1139 275 1194 legi,
306 1153 383 1180 nec
414 1139 457 1192 ii,
489 1139 560 1193 qui
588 1139 803 1194 sapientes
829 1139 968 1180 habiti
1001 1143 1043 1180 et
1073 1140 1296 1193 nominati,
1327 1139 1382 1181 M.
1406 1138 1513 1181 Cato

177 1200 219 1238 et
240 1196 283 1239 C.
303 1197 487 1250 Laelius,
514 1198 728 1252 sapientes
754 1197 939 1251 fuerunt,
970 1212 1022 1239 ne
1048 1198 1114 1239 illi
1141 1198 1310 1252 quidem
1337 1201 1513 1252 septem,

176 1255 249 1297 sed
288 1270 336 1296 ex
375 1257 610 1297 mediorum
644 1256 881 1298 officiorum
913 1256 1155 1310 frequentia
1187 1257 1511 1298 similitudinem

177 1314 390 1368 quandam
429 1316 637 1370 gerebant
674 1316 940 1370 speciemque
975 1315 1245 1370 sapientium.
1307 1315 1514 1364 Quocirca

175 1388 251 1415 nec
282 1373 336 1426 id,
368 1374 480 1428 quod
512 1389 610 1415 vere
641 1373 869 1415 honestum
897 1377 974 1427 est,
1005 1374 1070 1415 fas
1097 1377 1162 1415 est
1187 1389 1283 1416 cum
1308 1375 1512 1416 utilitatis

174 1433 461 1487 repugnantia
481 1433 734 1487 comparari,
758 1447 833 1474 nec
854 1433 908 1478 id,
934 1433 1046 1487 quod
1066 1433 1348 1474 communiter
1370 1434 1513 1489 appel-

175 1492 313 1532 lamus
352 1491 598 1545 honestum,
638 1491 751 1545 quod
789 1492 945 1533 colitur
983 1492 1036 1532 ab
1074 1491 1145 1542 iis,
1182 1492 1255 1546 qui
1292 1492 1428 1533 bonos
1467 1506 1512 1533 se

174 1550 289 1591 viros
327 1550 477 1591 haberi
515 1551 683 1603 volunt,
727 1565 822 1592 cum
866 1550 1165 1592 emolumentis
1203 1565 1407 1605 umquam
1447 1556 1545 1592 est?

175 1609 520 1663 comparandum,
553 1611 726 1663 tamque
758 1609 801 1650 id
832 1609 1073 1664 honestum,
1104 1609 1217 1664 quod
1247 1609 1291 1650 in
1316 1612 1511 1651 nostram

173 1668 517 1723 intellegentiam
549 1669 675 1722 cadit,
706 1668 910 1709 tuendum
936 1668 1357 1722 conservandumque
1386 1669 1509 1710 nobis

175 1730 240 1768 est
272 1741 398 1781 quam
431 1726 556 1780 illud,
595 1727 707 1781 quod
739 1727 910 1781 proprie
943 1727 1097 1769 dicitur
1127 1741 1310 1781 vereque
1341 1730 1407 1768 est
1437 1727 1510 1769 ho-

172 1788 354 1839 nestum,
385 1786 669 1840 sapientibus3
701 1787 824 1827 aliter
857 1786 969 1827 enim
1001 1786 1138 1827 teneri
1168 1800 1253 1828 non
1285 1788 1442 1840 potest,
1473 1787 1507 1827 si

173 1859 256 1899 qua
289 1845 341 1886 ad
372 1844 577 1886 virtutem
609 1847 676 1886 est
707 1845 821 1886 facta
852 1845 1108 1901 progressio.
1172 1842 1253 1886 Sed
1284 1844 1388 1886 haec
1420 1847 1508 1899 qui-

173 1904 267 1944 dem
300 1904 349 1945 de
380 1903 446 1957 iis,
478 1904 550 1957 qui
582 1903 904 1945 conservatione
936 1904 1174 1945 officiorum
1208 1903 1509 1954 existimantur

172 1962 285 2003 boni.
348 1962 430 2010 Qui
471 1965 614 2004 autem
659 1963 801 2004 omnia
844 1962 1079 2003 metiuntur
1122 1963 1422 2004 emolumentis
1466 1966 1509 2004 et

172 2021 406 2063 commodis
450 2036 586 2075 neque
624 2036 674 2063 ea
710 2022 861 2062 volunt
900 2021 1231 2076 praeponderari
1269 2021 1507 2073 honestate,

172 2079 202 2121 ii
234 2080 373 2121 solent
403 2079 448 2120 in
481 2080 753 2121 deliberando
786 2080 1013 2121 honestum
1045 2095 1140 2121 cum
1167 2094 1228 2133 eo,
1261 2080 1373 2134 quod
1401 2080 1506 2121 utile

1537 685 1571 708 Η)

1536 976 1568 1001 15

1533 1270 1567 1295 20

1529 1857 1561 1882 30

170 2141 337 2193 putant,
358 2153 623 2193 comparare,
644 2139 745 2181 boni
759 2139 840 2180 viri
859 2153 945 2180 non
959 2139 1111 2180 solent.
1142 2138 1293 2193 Itaque
1308 2139 1504 2180 existimo
1526 2149 1558 2175 35

170 2196 435 2251 Panaetium,
473 2213 567 2239 cum
607 2198 761 2239 dixerit
798 2197 992 2239 homines
1031 2198 1168 2239 solere
1205 2198 1249 2238 in
1285 2197 1366 2239 hac
1397 2212 1507 2240 com·

170 2256 393 2312 paratione
426 2256 639 2309 dubitare,
679 2257 759 2298 hoc
791 2256 930 2311 ipsum
963 2256 1147 2297 sensisse
1197 2256 1309 2309 quod
1341 2256 1506 2302 dixerit,
