1673 2505
245 79 332 119 314
760 77 1058 112 FRAGMENTA

336 188 400 227 11.
431 186 559 228 Schol.
587 186 760 227 Gronov.
787 185 867 228 Cic.
891 199 970 239 pro
1002 187 1071 240 leq.
1096 186 1215 228 BIan.
1241 191 1305 228 10.
1330 190 1389 229 28
1411 201 1455 240 p.
1484 191 1578 229 441.

244 249 298 287 10
322 245 437 286 Bait.
467 244 634 287 Constat
656 244 875 285 Lucullum
905 258 1028 296 usque
1058 246 1113 286 ad
1142 249 1320 298 tempora
1350 246 1580 288 consulatus

243 307 439 357 expertem
467 304 595 355 fuisse
625 303 828 356 bellorum,
850 306 947 355 post
974 303 1019 344 in
1049 304 1259 345 consulatu
1288 304 1469 345 historiis
1497 308 1578 346 stu-

244 364 389 412 eluisse,
420 365 466 403 ut
495 362 597 402 bella
624 362 812 402 destituta
837 365 1087 413 coynosceret.
1130 362 1221 403 Hoc
1245 364 1288 403 in
1314 363 1385 403 illo
1410 363 1580 417 dialoyo,

244 423 315 474 qui
345 421 582 462 inscribitur
612 420 825 469 Lucullus,
863 419 999 461 Cicero
1030 420 1152 474 docet,
1189 422 1294 462 uncle
1331 424 1367 462 et
1396 422 1441 462 in
1471 421 1580 462 Hor·
1617 434 1634 460 ε·
1661 443 1673 468 ⁵2

248 480 371 521 tensio
404 478 600 519 Lucullus
630 478 844 519 historiam
875 479 1066 519 laudavit.

338 538 402 578 12.
428 537 613 578 Lactant.
644 538 737 578 inst.
761 538 839 578 cliv.
864 537 952 577 III
970 540 1033 578 16.
1059 541 1085 578 9
1111 537 1313 580 Ciceronis
1337 538 1582 580 Hortensius

245 599 385 637 contra
405 595 703 648 philosophiam
721 596 917 637 disserens
935 597 1246 637 circumvenitur
1264 600 1410 650 arguta
1429 597 1582 638 conclu-

245 656 367 708 sione,
397 655 512 708 quocl,
542 668 634 695 cum
665 655 808 695 eliceret
829 654 1198 707 philosophandum
1223 669 1304 696 non
1333 669 1423 704 esse,
1453 655 1582 697 nihilo

246 773 347 825 quid
369 773 414 812 in
439 772 523 812 vita
545 772 778 823 faciendum
808 772 868 813 vel
898 785 980 812 non
1008 772 1241 823 faciendum
1272 773 1336 826 sit,
1366 773 1583 825 disputare.

340 831 404 871 13.
441 830 550 871 Serv.
590 830 701 883 Vcry.
738 830 840 871 Aen.
872 830 904 870 Ι
934 834 1014 872 331
1054 830 1134 881 Qui
1169 831 1414 886 (Epicurei)
1443 831 1584 885 plures

247 890 387 931 volunt
415 902 496 930 esse
526 889 669 939 caelos,
701 892 748 930 ut
777 888 913 930 Cicero
944 890 988 930 in
1019 889 1250 931 Hortensio.

340 948 404 989 14.
436 948 549 988 Lact.
581 949 671 989 inst.
703 948 781 988 cliv.
815 947 881 988 VI
899 951 939 989 2.
965 950 1017 989 15
1047 949 1175 1001 Apud
1203 947 1431 990 Ciceronem
1463 948 1583 990 Catu·
1669 988 1673 996 ,

248 1008 310 1048 lus
341 1008 387 1047 in
418 1007 638 1048 Hortensio
662 1006 962 1059 philosophiam
992 1007 1108 1048 rebus
1142 1008 1326 1049 omnibus
1348 1008 1584 1060 praeferens
1604 1020 1636 1046 15
1659 1028 1663 1048 τ,

248 1066 369 1107 malle
399 1079 440 1107 se
470 1066 568 1106 dicit
596 1065 655 1106 vel
679 1079 807 1106 unum
828 1079 1004 1117 parvum
1029 1066 1075 1107 cle
1102 1066 1234 1118 officio
1261 1066 1436 1107 libellum
1461 1080 1584 1119 quam

248 1125 410 1178 lonyam
447 1125 669 1166 orationem
698 1138 777 1176 pro
813 1125 996 1165 seditioso
1038 1124 1197 1166 homine
1234 1124 1440 1174 Cornelio;
1483 1139 1585 1177 quae
1668 1132 1673 1149 s

248 1184 444 1225 sententia
474 1196 557 1224 non
586 1183 723 1235 utique
744 1182 892 1236 Catuli,
923 1184 994 1235 qui
1021 1183 1194 1234 fortasse
1224 1184 1329 1225 illud
1357 1197 1439 1224 non
1469 1184 1584 1237 dixit,

247 1243 315 1283 secl
346 1241 549 1284 Ciceronis
580 1245 637 1282 est
658 1242 863 1295 putanda,
894 1243 966 1293 qui
995 1243 1166 1294 scripsit.

341 1301 405 1342 15.
438 1300 601 1341 Nonius
629 1314 673 1352 p.
704 1303 796 1341 356.
826 1302 852 1341 5
888 1301 950 1341 M.
985 1300 1147 1342 Tullius
1183 1302 1229 1341 in
1260 1301 1504 1342 Hortensio:
1542 1303 1584 1341 et
1603 1314 1640 1340 20.
1661 1322 1673 1351 Αἱ

248 1359 424 1414 paulum
457 1359 588 1413 agelli
620 1358 902 1412 occupavisse.

341 1418 404 1458 16.
437 1418 544 1458 Non.
568 1431 612 1470 p.
638 1420 732 1458 438.
759 1420 812 1458 13
837 1417 899 1458 M.
928 1417 1089 1459 Tullius
1119 1419 1165 1459 in
1196 1418 1439 1460 Hortensio:
1473 1417 1584 1472 quod

248 1491 344 1518 cum
370 1478 548 1529 uterque
573 1478 769 1516 nostrum
795 1475 1043 1517 adnuissent
1069 1491 1300 1530 omnesque
1327 1476 1379 1517 ad
1406 1476 1449 1517 id
1480 1479 1585 1517 tem-

248 1549 346 1589 pus,
379 1535 492 1588 quod
524 1536 616 1575 erat
648 1534 825 1588 dictum,
856 1537 1029 1588 postero
1063 1535 1129 1576 die
1160 1536 1435 1576 venissemus.
1672 1568 1673 1573 ,

332 1593 397 1645 17,
438 1592 502 1634 18.
541 1591 669 1633 Schol.
709 1590 885 1633 Gronov.
925 1591 1035 1633 Verr.
1074 1590 1106 1631 Ι
1137 1593 1206 1632 20.
1236 1593 1291 1631 54
1321 1604 1365 1642 p.
1397 1592 1491 1631 404.
1522 1592 1580 1630 20
1597 1599 1632 1625 25
1663 1615 1673 1623 „

247 1648 356 1691 Bait.
381 1651 650 1692 Hortensium
667 1651 886 1703 praecipue
909 1650 1067 1691 videt-ur
1090 1649 1332 1702 siqnifieare,
1363 1649 1435 1700 qui
1458 1648 1580 1689 huius

240 1710 350 1751 modi
379 1711 507 1763 sigmis
538 1713 574 1750 et
603 1710 750 1750 tabulis
768 1710 892 1762 pictis
914 1709 1182 1760 familiariter
1206 1707 1483 1749 delectabatur.
1525 1706 1582 1747 Iol

241 1768 499 1820 manifestius
523 1769 569 1809 in
593 1768 814 1809 Hortensio
839 1769 1010 1809 ostenclit
1032 1767 1212 1820 dialoyo:
1239 1781 1335 1807 cum
1360 1765 1405 1806 in
1429 1765 1578 1807 villam

240 1827 410 1868 Luculli
441 1829 616 1868 ventum
650 1828 762 1867 esset
794 1826 910 1867 omm'
943 1827 1154 1880 apparatu
1184 1824 1423 1866 venusbatis
1459 1839 1579 1865 orna-

243 1890 333 1927 tam
358 1886 577 1938 (Arusian.
603 1886 725 1927 BIess.
748 1900 792 1938 p.
817 1888 905 1926 232
933 1885 1055 1926 Lind.
1082 1884 1217 1926 Cicero
1248 1885 1293 1924 in
1317 1882 1580 1936 Hortensios)
1599 1893 1632 1920 30
1663 1908 1670 1917 -

241 1945 506 1999 Luculloque
553 1947 700 1986 noster
751 1944 957 1985 adventus
1002 1945 1045 1984 eb
1089 1945 1237 1998 gratus
1282 1944 1325 1982 et
1373 1941 1579 1983 iucundus

241 2004 408 2045 fuisseb.

334 2063 399 2103 19.
431 2062 555 2104 Arus.
582 2077 624 2115 p.
655 2065 745 2104 224
776 2062 892 2103 Idem
929 2062 974 2102 in-
1005 2060 1251 2102 Hortensio:
1289 2059 1358 2101 hic
1394 2059 1580 2114 primum

244 2120 424 2163 Catulus
458 2121 694 2162 delectatus
726 2121 820 2175 ipso
852 2120 958 2161 loco.

330 2180 398 2221 20.
420 2180 583 2221 Nonius
595 2194 638 2232 p.
658 2182 752 2221 128.
766 2182 796 2221 2
808 2179 870 2220 M.
888 2179 1048 2220 Tullius
1067 2202 1122 2207 —
1141 2178 1187 2218 in
1206 2177 1447 2218 Hortensio:
1466 2175 1579 2217 Nam
1598 2186 1630 2220 35
1668 2201 1672 2224 ;

243 2254 338 2280 eum
365 2238 502 2280 omnis
524 2238 718 2279 sollertia
739 2237 989 2279 admiranda
1009 2239 1085 2290 est,
1112 2238 1204 2277 tum
1225 2251 1285 2290 ea,
1311 2249 1419 2289 quae
1439 2235 1581 2289 efficib7

243 2301 308 2352 ut,
339 2297 529 2338 inanima
562 2311 669 2352 quae
701 2297 806 2350 sint,
837 2296 979 2337 vivere
1012 2297 1054 2336 et
1087 2295 1249 2349 spirare
1281 2294 1517 2335 videantur.
