1663 2490
443 61 532 97 ΜΒ.
558 62 620 97 111.
671 61 771 98 CAP.
799 67 831 106 9,
860 67 912 99 ιο.
962 67 982 106 ς
1007 67 1156 99 39—45.
1386 65 1469 106 103

132 172 174 212 et
205 172 350 211 tamen
387 170 498 210 muri
536 184 709 212 causam
748 171 967 226 opposuit,
1005 171 1189 226 speciem
1226 171 1468 214 honestatis

129 243 206 270 nec
244 228 514 283 probabilem
551 243 629 270 nec
674 243 775 270 sane
813 229 1020 272 idoneam.
1080 229 1279 272 Peccavit
1322 231 1468 286 igitur,

130 301 234 342 pace
277 287 345 328 vel
390 285 556 335 Quirini
599 287 667 329 vel
710 287 883 329 Romuli
928 288 1116 330 dixeiim.
1189 288 1279 331 Nec
1323 292 1467 331 tamen

129 348 304 386 nostrae
336 345 459 386 nobis
492 346 705 387 utilitates
745 347 1007 389 omittendae
1039 350 1139 388 sunt
1172 348 1352 403 aliisque
1384 351 1468 390 tra-

95 418 110 443 5
131 404 308 457 dendae,
345 419 441 446 cum
472 404 525 446 iis
557 405 640 459 ipsi
673 419 892 461 egeamus,
934 406 1007 448 sed
1039 420 1140 448 suae
1173 407 1322 462 cuique
1355 407 1467 449 utili-

129 463 227 516 tati,
266 463 379 517 quod
422 463 512 504 sine
551 464 728 505 alterius
766 464 922 506 iniuria
958 465 1052 519 fiat,
1090 465 1356 507 serviendum
1391 469 1467 507 est.

129 520 242 563 Scite
275 520 561 576 Chrysippus,
599 525 647 564 ut
684 523 838 564 multa:
878 522 991 572 ‘Qui
1024 524 1283 579 stadium',
1314 525 1467 579 inquit,

129 580 328 634 ‘cui-rit,
367 581 496 622 eniti
534 583 584 622 et
621 582 926 623 contendere
965 583 1132 637 debet,
1177 598 1324 638 quam
1369 599 1467 625 ma·

127 654 270 680 xume
303 640 490 694 possit,
521 643 574 681 ut
598 640 786 694 vincat,
819 642 1157 696 supplantare
1189 657 1314 697 eum,
1348 657 1466 697 quo-

76 711 108 736 10
129 713 236 740 cum
280 700 464 752 certet,
508 701 593 740 aut
638 714 783 740 manu
824 699 1084 754 depellere
1127 701 1271 743 nullo
1317 701 1465 743 modo

128 757 297 810 debet3
342 757 412 799 sic
453 757 505 798 in
541 758 651 800 vita
689 758 790 799 sibi
829 773 1074 813 quemque
1112 762 1304 815 petere,
1337 761 1467 815 quod

126 816 391 871 pertineat
435 816 494 858 ad
537 831 699 870 usum,
752 831 850 858 non
893 817 1125 872 iniquum
1171 821 1265 874 est,
1311 820 1465 861 alteri

128 874 360 929 deripere
391 875 468 916 ius
500 890 597 917 non
629 875 732 917 est.’

215 933 412 975 Maxume
454 937 596 975 autem
640 935 946 989 perturbantur
991 935 1132 977 officia
1168 936 1214 977 in
1252 937 1466 992 amicitiis,

73 1005 105 1030 15
127 992 280 1046 quibus
313 995 356 1033 et
386 1007 472 1034 non
500 993 701 1047 tribuere,
733 994 846 1047 quod
871 997 985 1035 recte
1011 994 1165 1048 possis,
1198 998 1240 1036 et
1265 997 1467 1051 tribuere,

126 1051 238 1105 quod
269 1065 355 1104 non
387 1051 444 1092 sit
476 1066 670 1106 aequum,
702 1055 852 1093 contra
884 1052 1071 1094 officium
1098 1056 1174 1094 est.
1225 1052 1307 1095 Sed
1340 1055 1465 1097 huius

124 1110 292 1164 generis
330 1110 464 1151 totius
502 1111 630 1152 breve
668 1113 711 1152 et
746 1125 832 1152 non
870 1111 1043 1153 difficile
1080 1116 1357 1168 praeceptum
1390 1118 1466 1156 est.

124 1168 241 1217 Quae
273 1168 384 1210 enim
418 1169 615 1210 videntur
646 1169 782 1223 utilia,
815 1169 1012 1224 honores,
1045 1170 1239 1226 divitiae,
1270 1172 1466 1228 volupta—

123 1230 200 1281 tes,
232 1230 373 1269 cetera
405 1228 574 1284 generis
607 1228 816 1282 eiusdem,
847 1229 951 1271 haec
983 1229 1198 1272 amicitiae
1230 1245 1464 1286 numquam

70 1299 103 1324 20
124 1287 423 1341 anteponenda
461 1290 571 1329 sunt.
639 1287 700 1328 At
735 1302 872 1342 neque
919 1290 1068 1330 contra
1111 1304 1202 1330 rem
1246 1290 1464 1344 publicam

122 1360 258 1400 neque
296 1349 446 1387 contra
481 1346 547 1388 ius
585 1346 810 1388 iurandum
843 1361 891 1389 ac
923 1347 1049 1389 fidem
1083 1348 1208 1390 amici
1240 1363 1370 1391 causa
1400 1351 1466 1391 vir

122 1405 260 1445 bonus
291 1404 438 1459 faciet,
468 1419 522 1446 ne
554 1405 590 1446 si
621 1405 747 1447 iudex
779 1406 950 1460 quidem
983 1407 1064 1447 erit
1096 1407 1146 1448 de
1178 1407 1273 1462 ipso
1306 1409 1465 1463 ami003

121 1464 244 1518 ponit
277 1464 390 1504 enim
420 1478 650 1518 personam
682 1465 819 1518 amici,
851 1479 947 1506 cum
978 1465 1117 1507 induit
1143 1466 1306 1508 iudicis.
1357 1467 1465 1509 Tan-

121 1526 215 1563 tum
259 1522 379 1563 dabit
422 1523 654 1577 amicitiae,
703 1526 751 1564 ut
793 1538 939 1565 veram
985 1524 1111 1567 amici
1154 1540 1326 1567 causam
1372 1541 1464 1569 esse

68 1592 102 1617 25
122 1581 256 1635 malit,
289 1584 336 1622 ut
363 1582 547 1623 orandae
573 1582 664 1623 litis
690 1585 872 1637 tempus,
906 1583 1045 1637 quoad
1076 1598 1153 1638 per
1178 1585 1296 1640 leges
1324 1585 1464 1641 liceat,

122 1641 425 1682 accommodet.
476 1639 582 1682 Cum
616 1656 714 1682 velo
746 1641 888 1683 iurato
922 1643 1136 1683 sententia
1168 1643 1344 1685 dicenda
1370 1645 1463 1699 erit,

121 1699 364 1740 meminerit
397 1699 521 1741 deum
560 1714 604 1741 se
643 1700 844 1741 adhibere
881 1703 1056 1755 testem,
1094 1701 1136 1742 id
1176 1705 1258 1756 est,
1296 1707 1344 1744 ut
1382 1718 1462 1760 ego

121 1758 326 1812 arbitror,
359 1761 547 1800 mentem
580 1773 718 1813 suam,
760 1774 844 1813 qua
874 1759 983 1800 nihil
1016 1760 1179 1801 homini
1212 1761 1328 1802 dedit
1360 1762 1461 1804 deus

119 1817 211 1871 ipse
244 1817 440 1859 divinius.
489 1817 641 1872 Itaque
676 1818 945 1884 praeclarum
979 1834 1003 1860 a
1035 1819 1269 1861 maioribus
1303 1822 1460 1876 accepi-

67 1886 100 1912 30
119 1890 213 1917 mus
246 1890 409 1918 molem
441 1876 624 1932 rogandi
655 1877 817 1931 iudicis,
851 1878 886 1918 si
919 1892 1015 1918 eum
1046 1881 1306 1934 teneremus,
1340 1892 1460 1930 QUAE

119 1946 268 1977 SALVA
294 1947 404 1976 mm:
431 1947 614 1976 FACERE
642 1947 812 1978 possm
862 1935 979 1978 Haec
1012 1937 1182 1992 rogatio
1216 1938 1269 1979 ad
1295 1953 1345 1980 ea
1370 1954 1461 1994 pei-

118 1993 247 2048 tinet,
291 2008 399 2048 quae
437 1995 567 2049 paulo
606 1997 706 2036 ante
745 1995 831 2036 dixi
868 1995 1047 2037 honeste
1087 1996 1223 2038 amico
1263 2012 1288 2039 a
1324 1997 1461 2040 iudice

118 2067 244 2107 posse
271 2053 461 2108 concedi3
492 2068 592 2096 nam
620 2054 656 2095 si
682 2054 827 2095 omnia
851 2054 1046 2096 facienda
1072 2055 1170 2109 sint,
1200 2070 1308 2110 quae
1334 2057 1460 2099 amici

117 2111 266 2166 velint,
296 2127 383 2154 non
409 2088 624 2154 amicitiae
649 2113 771 2167 tales,
804 2113 877 2154 sed
903 2114 1218 2155 coniurationes
1244 2117 1459 2170 putandae

64 2185 97 2213 35
118 2170 216 2212 sint.
277 2170 451 2226 Loquor
488 2175 631 2213 autem
670 2172 720 2213 de
758 2173 1054 2214 communibus
1097 2173 1316 2229 amicitiis;
1358 2190 1459 2216 nam

115 2228 161 2269 in
192 2230 459 2284 sapientibus
490 2231 595 2272 viris
624 2230 909 2286 perfectisque
934 2231 1043 2273 nihil
1069 2235 1215 2287 potest
1240 2248 1333 2275 esse
1358 2235 1457 2276 tale.

115 2286 355 2331 Damonem
388 2293 431 2331 et
455 2289 676 2332 Phintiam
703 2289 999 2346 Pythagoreos
1031 2290 1175 2333 ferunt
1206 2292 1287 2335 hoc
1314 2293 1456 2335 animo

1493 302 1536 332 42

1491 948 1534 979 43

1489 1652 1532 1684 44

1486 2185 1530 2216 45
