1663 2490
0 1895 7 1920 e·

105 432 122 458 5

89 725 122 750 10

88 1019 121 1044 15

84 1313 119 1338 20

87 1606 120 1631 25

90 2191 122 2218 ³5

472 78 560 112 ΜΒ.
588 79 649 112 111.
701 79 800 114 CAP.
831 85 867 122 1,
892 83 923 114 2.
974 84 993 122 g
1021 84 1121 115 1—7.
1429 82 1482 120 91

143 200 255 239 muS,
295 189 343 228 ut
380 185 644 241 cogitatione
682 187 817 229 tacita
848 202 874 229 a
905 187 1136 229 solitudine
1169 188 1484 242 abstrahamur,

142 244 196 287 ad
232 244 343 286 hanc
373 244 594 286 'scribendi
637 259 811 300 operam
852 260 977 287 omne
1022 245 1211 287 studium
1254 261 1483 300 curamque

142 302 442 345 convertimus.
485 302 638 356 Itaque
663 304 790 358 plura
816 304 935 345 brevi
961 306 1155 358 tempore
1182 319 1331 346 eversa
1354 319 1483 359 quam

141 361 290 403 multis
323 361 446 402 annis
480 364 623 403 stante
655 377 700 403 re
732 363 905 416 publica
938 363 1198 417 scripsimus.

230 418 312 461 Sed
343 434 439 461 cum
470 422 565 467 tota
596 420 884 476 philosophia,
917 421 974 462 mi
1008 422 1167 476 Cicero,
1198 421 1408 476 frugifera
1439 401 1531 483 et}

140 478 361 520 fructuosa
396 493 474 520 nec
509 479 601 520 ulla
638 494 738 533 pars
782 479 872 521 eius
915 480 1079 522 inculta
1119 495 1167 522 ac
1206 481 1375 521 deserta
1413 480 1483 533 sit,

140 540 233 579 tum
264 537 410 578 nullus
439 537 624 579 feracior
655 538 700 579 in
731 553 781 579 ea
812 539 930 580 locus
963 542 1028 580 est
1052 553 1129 581 nec
1155 539 1327 580 uberior
1354 554 1482 593 quam

141 596 191 637 de
235 595 405 646 officiis,
450 611 475 637 a
518 596 673 650 quibus
718 599 965 639 constanter
1008 597 1271 652 honesteque
1312 597 1484 639 vivendi

141 657 371 710 praecepta
415 654 637 696 ducuntur.
699 654 857 706 Quare,
902 671 1161 710 quamquam
1205 671 1231 697 a
1275 655 1482 711 Cratippo

140 716 303 767 nostro,
334 713 525 768 principe
557 713 684 755 huius
717 714 949 756 memoriae
974 714 1346 770 philosophorum,
1377 715 1483 756 haec

141 776 184 813 te
217 771 387 813 assidue
421 772 565 813 audire
599 775 727 827 atque
760 773 950 827 accipere
982 773 1167 827 confido,
1205 776 1352 815 tamen
1388 788 1483 815 con—

142 831 292 873 ducere
330 830 519 873 arbitror
558 831 720 873 talibus
765 847 889 873 aures
935 834 1032 873 tuas
1076 832 1253 874 vocibus
1297 832 1482 886 undique

141 889 465 939 circumsonare,
496 905 573 932 nec
604 905 694 943 eas,
726 890 763 931 si
794 891 887 932 fieri
917 890 1073 945 possit,
1106 891 1334 945 quicquam
1366 891 1484 932 aliud

142 948 298 990 audire.
348 947 470 996 Quod
501 963 597 990 cum
628 949 826 990 omnibus
859 951 925 990 est
955 949 1209 1003 faciendum,
1242 950 1314 1003 qui
1346 950 1482 991 vitam

140 1007 368 1049 honestam
399 1007 567 1062 ingredi
598 1008 812 1062 cogitant,
844 1010 938 1048 tum
969 1008 1083 1049 haud
1115 1008 1202 1049 scio
1236 1022 1291 1049 an
1321 1008 1484 1049 nemini

141 1066 445 1120 potiusquam
475 1065 574 1119 tibi3
620 1066 806 1107 sustines
846 1066 958 1107 enim
995 1081 1082 1108 non
1121 1081 1302 1121 parvam
1335 1081 1482 1121 expec-

139 1124 349 1166 tationem
386 1124 619 1166 imitandae
657 1124 893 1166 industriae
930 1128 1122 1179 nostrae,
1167 1139 1370 1180 magnam
1410 1125 1483 1166 ho-

139 1197 304 1236 norum,
335 1197 422 1224 non
452 1184 619 1224 nullam
649 1183 835 1225 fortasse
865 1183 1063 1225 nominis.
1114 1182 1349 1238 Suscepisti
1376 1198 1482 1225 onus

140 1245 364 1296 praeterea
401 1256 532 1297 grave
570 1244 614 1283 et
648 1241 918 1284 Athenarum
957 1245 1000 1283 et
1030 1241 1246 1297 Cratippi,
1285 1243 1337 1283 ad
1376 1257 1483 1297 quos

141 1315 237 1342 cum
280 1303 503 1354 tamquam
548 1301 602 1342 ad
644 1305 928 1343 mercaturam
972 1302 1183 1342 bonarum
1226 1301 1385 1342 artium
1422 1301 1482 1343 sis

141 1358 376 1414 profectus,
413 1359 583 1401 inanem
620 1359 758 1401 redire
794 1360 1094 1415 turpissimum
1133 1362 1198 1401 est
1230 1360 1482 1401 dedecoran-

141 1422 228 1459 tem
260 1420 303 1459 et
333 1417 453 1459 urbis
486 1418 789 1460 auctoritatem
821 1421 864 1460 et
895 1419 1106 1474 magistri.
1168 1417 1320 1469 Quare,
1353 1434 1484 1473 quan-

140 1480 234 1518 tum
266 1476 398 1518 coniti
429 1477 572 1519 animo
603 1480 745 1532 potes,
782 1480 991 1532 quantum
1029 1478 1176 1519 labore
1215 1478 1483 1532 contendere,

141 1536 178 1576 si
215 1535 403 1577 discendi
440 1536 563 1577 labor
601 1538 667 1577 est
703 1536 848 1591 potius
887 1551 1016 1591 quam
1052 1537 1273 1591 voluptas,
1310 1539 1482 1578 tantum

140 1595 208 1636 fac
239 1597 288 1635 ut
319 1593 479 1635 efficias
511 1609 617 1636 neve
649 1595 908 1649 committas,
938 1598 998 1649 ut,
1029 1609 1125 1637 cum
1157 1595 1302 1636 omnia
1333 1609 1483 1650 suppe-

142 1653 279 1694 ditata
317 1653 404 1694 sint
441 1668 467 1694 a
505 1653 648 1706 nobis,
686 1656 778 1694 tute
815 1654 897 1695 tibi
935 1653 1119 1695 defuisse
1155 1653 1338 1695 videare.
1401 1652 1483 1695 Sed

142 1712 244 1754 haec
282 1712 507 1766 hactenus3
550 1712 689 1754 multa
734 1712 846 1754 enim
891 1726 1018 1767 saepe
1056 1712 1110 1753 ad
1146 1714 1191 1753 te
1228 1712 1483 1754 cohortandi

142 1771 284 1825 gratia
321 1770 590 1825 scripsimus3
632 1785 744 1813 nunc
782 1771 835 1813 ad
875 1771 1086 1825 reliquam
1124 1773 1292 1826 partem
1328 1786 1484 1826 propo-

143 1829 250 1871 sitae
283 1829 505 1871 divisionis
537 1832 816 1871 revertamur.

228 1887 458 1930 Panaetius
496 1888 649 1943 igitur,
688 1888 760 1942 qui
798 1890 889 1931 sine
921 1888 1215 1931 controversia
1246 1888 1296 1930 de
1329 1889 1481 1931 officiis

143 1946 461 1989 accuratissime
481 1946 730 2002 disputavit,
757 1962 966 2002 quemque
988 1961 1068 1988 nos
1095 1947 1356 1989 correctione
1383 1963 1483 2002 qua-

142 2005 239 2048 dam
271 2005 466 2047 adhibita
496 2005 771 2060 potissimum
804 2006 938 2048 secuti
964 2020 1122 2059 sumus,
1153 2005 1294 2047 tribus
1321 2007 1483 2062 generi-

145 2064 221 2106 bus
247 2064 493 2119 propositis,
525 2064 570 2105 in
596 2064 751 2119 quibus
772 2065 1008 2107 deliberare
1027 2064 1222 2106 homines
1250 2067 1293 2106 et
1317 2066 1483 2107 consul-

142 2131 234 2165 tare
254 2124 304 2164 de
319 2123 460 2165 officio
475 2123 675 2178 solerent,
694 2138 792 2178 uno,
812 2139 908 2166 cum
923 2123 1180 2176 dubitarent,
1200 2123 1484 2166 honestumne

142 2181 185 2223 id
222 2185 346 2233 esset,
379 2182 429 2223 de
461 2196 544 2235 quo
583 2186 801 2237 ageretur,
845 2198 900 2224 an
938 2185 1081 2237 turpe,
1125 2182 1280 2237 altero,
1323 2182 1483 2224 utilene

143 2242 257 2282 esset
294 2255 350 2282 an
385 2240 557 2295 inutile,
595 2241 743 2292 tertio,
776 2242 813 2283 si
843 2242 903 2295 id,
943 2240 1056 2295 quod
1087 2240 1272 2295 speciem
1303 2241 1483 2282 haberet

140 2298 330 2353 honesti,
365 2302 579 2355 pugnaret
611 2314 707 2341 cum
739 2315 806 2351 eo,
845 2299 959 2354 quod
988 2299 1094 2340 utile
1126 2299 1358 2352 videretur,
1398 2314 1482 2354 quo
