1673 2505
255 56 552 92 FRAGMENTA
578 55 931 92 EPISTULARUM.
960 56 1000 93 E.
1026 56 1153 91 1—111
1181 61 1211 92 6.
1319 57 1404 99 293

156 165 194 207 5.
225 165 475 206 Ammianus
499 164 684 206 ,Marcell
710 163 833 205 XXI
853 167 918 205 16.
944 167 998 205 13
1036 163 1090 206 Ut
1124 164 1283 205 Tullius
1312 178 1404 218 quo-

67 238 141 277 que
171 224 278 265 docet
308 224 556 265 crudelitatis
590 225 800 276 increpans
825 222 1037 265 Caesarem
1068 223 1111 263 in
1143 223 1321 275 quadam
1352 224 1407 264 ad

68 282 260 335 Nepotem
290 282 482 335 epistula:
515 280 664 336 Neque
691 282 802 323 enim
830 281 1055 336 quicquam
1083 281 1198 322 aliud
1225 283 1290 322 est
1315 280 1405 322 feli-

68 341 192 394 citas,
232 341 376 393 iuquit,
410 340 491 381 nisi
522 340 799 382 honestarum
832 354 974 382 rerum
1005 340 1292 394 prosperitas,
1326 341 1405 394 vel,

33 402 115 440 sut
147 399 230 440 alio
263 399 388 441 modo
425 398 641 447 definiam,
679 399 862 440 felicitas
903 401 967 440 est
1004 398 1178 440 fortuna
1220 398 1405 440 adiutrix

67 458 343 500 consiliorum
370 458 590 511 bonorum,
618 458 771 511 quibus
799 458 871 512 qui
896 472 984 499 non
1008 458 1157 509 utitur,
1185 456 1285 498 felix
1313 472 1405 499 esse

66 517 185 558 nullo
223 520 348 571 pacto
388 519 542 572 potest.
603 515 720 571 Ergo
759 516 803 557 in
838 516 1016 571 perditis
1048 516 1279 570 impiisque
1311 531 1406 558 con-

67 575 193 630 siliis,
235 575 387 629 quibus
421 574 579 618 Caesar
611 589 712 616 usus
745 577 828 628 est,
865 575 986 616 nulla
1017 575 1160 630 potuit
1193 589 1283 616 esse
1317 574 1406 616 feli-

68 634 192 687 citas,
234 634 480 688 feliciorque
513 648 606 675 meo
638 633 792 675 iudicio
826 632 1034 675 Camillus
1069 634 1244 675 exulans
1278 648 1406 688 quam

19 705 48 730 ιο
66 693 332 747 temporibus
364 693 498 734 isdem
532 692 728 746 Manlius,
761 692 948 746 etiamsi⁷
983 692 1026 733 id
1059 693 1171 747 quod
1204 693 1407 748 cupierat,

67 765 247 808 regnare
280 752 504 807 potuisset.

156 811 192 852 6.
235 810 350 853 Idem
394 811 558 852 XXVI
595 815 630 852 1.
673 812 705 852 2
741 810 857 852 Haec
898 810 1065 863 quidam
1108 813 1282 851 ‘ceterum
1322 810 1406 862 for-

0 901 1 904 *
67 870 266 912 midautes
301 871 541 923 cognitiones
577 873 742 911 actuum
771 870 981 910 variorum
1018 869 1123 911 stilis
1158 869 1408 911 uberioribus

0 920 1 963 3
67 929 287 981 explicatas
316 942 398 970 uon
429 930 583 971 edidere
611 929 852 981 superstites,
884 931 930 969 ut
961 928 1004 969 in
1028 928 1206 981 quadam
1233 929 1288 970 ad
1313 928 1406 970 Cor-

17 998 47 1024 15
66 988 217 1029 melium
243 988 435 1041 Nepotem
461 987 632 1041 epistula
661 987 821 1028 Tullius
850 1000 1003 1039 quoque
1034 990 1142 1029 testis
1173 987 1409 1029 reverendus

66 1047 273 1099 adfirmat.

288 1248 359 1288 111.
403 1248 476 1287 AD
510 1248 795 1287 CAESAREM
828 1247 988 1286 EPIST.
1022 1248 1121 1286 LIB.
1154 1248 1183 1286 Ι,

161 1340 194 1380 1.
227 1339 391 1382 Nouius
416 1354 458 1392 p.
489 1342 587 1382 270.
619 1341 671 1382 15
702 1343 738 1381 et
761 1353 803 1392 p.
835 1342 916 1381 319
930 1352 984 1392 sq.
1036 1339 1096 1380 M.
1132 1339 1293 1382 Tullius
1327 1341 1407 1394 epi-

67 1398 270 1440 stularum
301 1400 357 1440 ad
388 1398 599 1441 Caesarem
637 1399 701 1440 lib.
734 1398 782 1439 I:
820 1397 947 1450 Tum,
985 1412 1080 1439 cum
1113 1413 1180 1449 ea,
1218 1413 1324 1453 quae
1363 1414 1407 1440 es

16 1468 48 1494 20
69 1457 122 1498 ab
157 1460 308 1499 senatu
340 1472 506 1499 summo
540 1472 635 1499 cum
666 1457 828 1499 honore
860 1459 934 1498 tuo
968 1460 1230 1499 consecutus.

157 1517 194 1557 2.
227 1515 334 1558 Nou.
357 1531 396 1569 p.
422 1519 522 1559 287.
546 1519 603 1559 25
629 1517 689 1558 M.
718 1516 879 1557 Tullius
911 1517 953 1557 in
984 1517 1155 1569 epistula
1186 1516 1240 1558 ad
1265 1516 1408 1559 Caesa-

67 1589 150 1616 rem
172 1575 237 1617 lib.
257 1575 302 1616 Ι.·
327 1575 512 1617 Balbum
540 1575 690 1630 quanti
712 1574 867 1616 faciam
889 1589 1101 1629 quamque
1122 1575 1160 1616 ei
1180 1590 1246 1617 me
1267 1577 1407 1617 totum

69 1633 316 1687 dicaverim,
350 1649 399 1675 ex
432 1635 526 1689 ipso
560 1635 680 1676 scies.

157 1694 195 1734 3.
216 1693 323 1735 Nori.
336 1708 379 1746 p.
399 1697 497 1736 527.
517 1695 542 1735 5
562 1693 623 1734 M.
645 1693 807 1735 Tullius
831 1693 1097 1746 epistularum
1122 1694 1178 1734 ad
1196 1691 1408 1735 Caesarem

16 1763 49 1789 25
69 1753 134 1794 lib.
160 1752 205 1793 I:
231 1751 371 1793 Debes
399 1752 539 1794 odisse
564 1752 886 1807 improbitatem
914 1752 1016 1805 eius,
1043 1752 1143 1806 quia
1167 1752 1408 1806 impruden-

68 1811 284 1852 tissimum
315 1826 471 1853 nomen
505 1811 724 1867 delegerit.

156 1871 194 1911 4.
227 1870 334 1912 Non.
359 1885 402 1924 p.
435 1874 527 1912 413.
558 1873 616 1912 29
648 1870 710 1912 Μ.
739 1870 901 1912 Tullius
932 1870 1199 1923 epistularum
1231 1870 1286 1911 ad
1311 1868 1407 1912 Cae-

67 1942 199 1972 sarem
226 1929 290 1971 lib.
316 1929 364 1970 Ι.·
395 1932 445 1971 ut
470 1929 599 1971 sciret
627 1929 785 1970 tuenda
817 1929 977 1970 maiore
1010 1943 1111 1970 cura
1143 1943 1247 1983 esse,
1280 1943 1408 1983 quam

68 1990 194 2043 parta
227 1991 338 2029 sunt.

16 2057 49 2083 ⁸0
157 2047 195 2089 5.
228 2047 335 2089 Nori.
361 2061 403 2100 p.
435 2049 526 2089 305.
559 2051 586 2090 8
617 2047 678 2089 M.
712 2047 874 2089 Tullius
908 2047 1080 2099 epistula
1111 2047 1166 2088 ad
1196 2046 1409 2088 Caesarem

70 2106 134 2148 lib.
166 2106 213 2147 I:
251 2105 402 2161 Itaque
441 2121 607 2159 vereor,
646 2120 697 2147 ne
735 2105 986 2148 ferociorem
1017 2105 1179 2147 faciant
1211 2108 1285 2147 tua
1318 2107 1408 2146 tam

68 2165 289 2220 praeclara
320 2165 477 2207 iudicia
509 2165 558 2206 de
591 2179 652 2207 eo.

157 2224 194 2266 6.
227 2224 334 2266 Nori.
359 2239 402 2278 p.
426 2228 522 2266 369.
546 2228 601 2266 30
626 2224 687 2265 M.
713 2224 875 2266 Tullius
899 2224 945 2265 m
975 2223 1157 2277 epistulis
1185 2224 1242 2265 ad
1265 2222 1405 2265 Caesa-

67 2296 152 2324 rem
178 2283 242 2325 lib.
268 2283 315 2324 I:
349 2283 462 2338 quod
495 2283 708 2338 sapientes
741 2282 935 2324 homines
969 2297 1016 2324 ae
1049 2283 1151 2324 boni
1182 2284 1350 2338 putant.
