1673 2505
474 59 776 96 ORATIONUM.
802 60 845 96 A.
870 60 940 95 VII
965 59 1075 97 ARG.
1370 61 1456 104 239

114 169 267 208 reretur
297 167 460 220 tollique
491 167 754 209 tribuniciam
786 168 1105 210 intercessionem
1141 168 1303 221 diceret,
1336 171 1458 222 ¹aravi

112 225 286 267 convicio
317 238 344 265 a
369 225 520 278 populo
551 229 732 278 exceptus
762 230 839 276 cst‚·
878 230 915 268 et
944 239 1035 268 cum
1065 226 1136 268 ille
1165 240 1246 276 eos,
1278 228 1349 279 qui
1378 228 1458 268 sibi

111 283 366 325 intentabant
395 297 564 337 manus,
589 285 740 337 prendi
770 299 797 326 a
829 285 965 326 lictore
996 285 1185 338 iussisset,
1214 286 1340 337 fracti
1371 286 1458 327 eius

108 342 239 394 fasces
268 345 365 383 sunt
401 343 629 395 lapidesque
664 344 786 384 etiam
823 357 872 385 ex
901 344 1050 385 ultima
1079 344 1259 385 contione
1290 344 1335 385 in
1366 358 1454 385 con-

77 412 93 438 5
111 400 239 442 sulem
269 401 388 450 iacti‚·
419 415 496 453 quo
523 402 698 443 tumultu
724 401 936 444 Cornelius
952 402 1216 455 perturbatus
1241 403 1456 444 concilium

111 459 278 501 dimisit.
299 491 307 499 .
327 491 337 500 .
358 491 367 501 .
407 460 558 501 Actum
582 461 723 502 deinde
747 461 884 502 eadem
909 461 956 502 de
979 474 1023 502 re
1047 462 1093 502 in
1117 464 1260 503 senatu
1285 464 1343 503 est
1371 475 1456 502 ma-

106 518 201 572 qnis
226 518 552 560 contentionibus.
596 519 702 560 Tum
722 518 934 562 Cornelius
952 520 1011 561 ita
1028 520 1136 572 ferre
1154 533 1300 562 rursus
1319 521 1454 573 coepit,

110 589 161 618 ne
190 577 281 628 quis
312 577 357 618 in
387 581 531 619 senatu
563 577 712 631 legibus
742 578 969 631 solveretur,
1000 579 1084 620 nisi
1110 577 1179 620 00
1205 592 1288 620 non
1318 580 1458 620 minus

110 634 348 687 adfuissent,
367 649 461 677 neve
478 636 580 689 quis,
600 649 690 677 cum
709 637 873 689 quisita
891 637 1046 679 solutus
1065 640 1174 690 esset,
1193 638 1456 691 intercederet,

61 705 92 731 ιο
112 706 203 735 cum
227 694 275 735 de
297 707 346 735 ea
369 708 412 735 re
435 696 492 736 ad
508 695 707 748 populum
730 695 916 747 ferretur.
959 695 1075 737 Haec
1093 697 1180 738 sine
1199 696 1375 738 tumultu
1393 710 1457 738 res

111 755 202 793 acta
233 756 299 794 est.
361 753 490 794 Nemo
521 755 629 795 enim
660 767 806 807 ncyare
834 757 996 807 poterat
1019 768 1098 807 pro
1128 758 1292 796 senatus
1322 758 1455 797 aucto-

112 811 232 852 ritate
262 824 343 853 esse
372 825 461 853 eam
493 813 624 866 leyem.
674 813 756 854 Sed
785 816 920 854 tamen
950 827 1040 854 eam
1071 813 1164 854 tulit
1188 814 1330 855 invitis
1354 815 1456 867 opti-

111 870 298 923 matibus,
324 871 395 923 qui
412 871 473 912 vel
489 885 565 924 per
581 885 738 924 paucos
763 872 865 914 talia
884 871 926 913 S.
946 871 988 913 O.
1010 873 1242 925 gratificari
1266 873 1458 916 solebant.

111 928 257 970 Aliam
281 930 423 971 deinde
447 930 569 983 leyem
594 928 816 984 Cornelius,
841 931 915 972 etsi
940 944 1055 972 nemo
1080 945 1305 985 repuynare
1330 945 1456 974 ausus

59 997 92 1023 15
111 989 178 1040 est,
209 988 349 1029 multis
381 991 515 1030 tamen
540 989 680 1030 invitis
705 989 808 1038 tulit,
840 993 887 1030 ut
906 992 1111 1041 praetores
1135 1003 1183 1031 ex
1207 990 1346 1032 edictis
1369 991 1458 1032 suis

102 1047 311 1099 perpetuis
340 1047 406 1089 ius
436 1047 630 1096 dicerent‚·
661 1061 764 1100 quae
793 1061 856 1089 res
879 1047 909 1101 †
935 1051 1100 1089 eumaut
1118 1049 1301 1101 ¹qratiam
1331 1049 1458 1090 ambi-

111 1105 224 1146 tiosis
239 1105 504 1158 praetoribus,
530 1106 602 1158 qui
619 1107 732 1147 varie
752 1106 816 1147 ius
834 1106 962 1147 dicere
986 1110 1255 1157 assueverant,
1280 1108 1456 1149 sustulit.

110 1163 234 1205 Alias
263 1177 416 1217 quoque
445 1165 668 1217 complures
693 1165 792 1218 leyes
817 1164 1028 1207 Cornelius
1050 1166 1340 1219 promulyavit,
1370 1168 1457 1219 qui-

111 1221 184 1263 bus
200 1223 406 1276 plerisque
430 1223 598 1277 colleyae
622 1224 948 1273 intercesserunt‚·
966 1238 1044 1276 per
1068 1238 1170 1277 quas
1189 1225 1458 1267 contentiones

59 1290 93 1316 20
113 1282 235 1323 totius
265 1282 498 1324 tribunatus
529 1285 684 1336 tempus
714 1283 800 1324 eius
824 1286 1036 1335 peractum
1067 1286 1133 1325 est.

199 1339 390 1394 Sequenti
425 1341 567 1382 deinde
602 1355 712 1383 anno
742 1341 824 1383 M’.
855 1341 1008 1394 Lepido
1040 1341 1089 1382 L.
1129 1342 1311 1384 Volcacio
1349 1356 1458 1395 coss,

111 1412 188 1452 quo
219 1413 329 1441 anno
352 1403 522 1452 praetor
552 1398 688 1442 Cicero
717 1400 820 1452 suit,
852 1414 965 1441 reum
997 1399 1230 1442 Cornelium
1261 1402 1339 1442 duo
1368 1401 1457 1453 fra-

111 1461 190 1500 tres
215 1457 394 1500 Cominii
425 1459 504 1512 leye
529 1457 718 1500 Cornelia
748 1460 795 1500 de
825 1461 1033 1501 maiestate
1061 1459 1252 1511 fecerunt.
1295 1459 1456 1501 Detulit

110 1530 256 1559 nomen
287 1517 478 1571 Publius,
514 1517 752 1571 subscripsit
789 1517 933 1560 Gaius.
993 1518 1055 1559 Et
1089 1532 1179 1559 cum
1210 1518 1258 1559 P.
1290 1518 1458 1560 Cassius

59 1587 93 1614 25
103 1579 273 1629 praetor
303 1577 453 1618 decimo
484 1577 558 1630 die,
588 1579 636 1618 ut
665 1590 750 1618 mos
780 1580 846 1630 est,
877 1577 1014 1619 adesse
1044 1577 1227 1619 iussisset
1249 1591 1368 1630 eoque
1393 1578 1458 1618 die

111 1635 195 1688 ipse
224 1649 307 1676 non
337 1636 536 1687 adfuisset
563 1649 632 1677 seu
662 1638 852 1677 avocatus
874 1638 1043 1688 propter
1070 1636 1224 1688 publici
1258 1636 1458 1688 frumenti

110 1707 252 1735 curam
281 1707 352 1736 seu
378 1695 620 1748 qratifi'cans
646 1708 722 1748 reo,
754 1695 1014 1736 circumventi
1037 1697 1135 1736 sunt
1157 1697 1251 1736 ante
1276 1695 1457 1736 tribunal

110 1753 196 1794 eius
226 1756 476 1795 accusatores
504 1767 532 1794 a
562 1754 669 1795 notis
700 1767 914 1806 operarum
946 1753 1131 1807 ducibus,
1169 1754 1229 1794 ita
1265 1757 1311 1795 ut
1347 1767 1458 1795 mors

110 1812 395 1865 intentaretur,
438 1812 476 1854 si
512 1825 606 1854 mox
643 1825 725 1854 non
762 1813 1005 1854 desisterent.
1070 1812 1203 1864 Quam
1234 1813 1457 1865 perniciem

59 1882 94 1908 30
111 1870 181 1912 vix
223 1870 452 1924 effugerunt
497 1871 722 1913 interventu
771 1871 1000 1921 consulum,
1051 1871 1123 1924 qui·
1165 1871 1349 1912 advocati
1390 1885 1456 1912 reo

111 1929 404 1972 descenderant.
453 1929 513 1971 Et
542 1943 633 1972 cum
665 1931 710 1972 in
739 1930 873 1972 scalas
897 1930 1097 1983 quasdam
1122 1928 1302 1971 Cominii
1329 1930 1457 1983 fugJis·

110 1991 215 2042 sent,
252 1989 382 2030 clausi
418 1989 464 2030 in
501 1992 653 2030 noctem
691 1989 749 2031 ibi
784 2002 825 2031 se
861 1989 1174 2042 occultaverunt,
1216 1989 1357 2030 deinde
1380 2002 1457 2041 per

111 2049 212 2088 tecta
253 2048 483 2089 vicinarum
525 2048 688 2089 aedium
724 2048 999 2101 profuyerunt
1033 2060 1082 2089 ex
1122 2047 1230 2088 urbe.
1291 2047 1457 2089 Postero

110 2106 175 2146 die
204 2119 295 2147 cum
324 2105 373 2147 P.
406 2105 573 2148 Cassius
610 2107 829 2149 adsedisset
864 2109 901 2148 et
936 2107 1052 2148 citati
1087 2109 1338 2148 accusatores
1374 2119 1456 2147 non

58 2174 92 2201 ⁵5
111 2165 308 2218 adessent,
344 2168 571 2218 exemptum
607 2179 749 2207 nomen
779 2168 837 2207 est
867 2165 914 2207 de
943 2165 1024 2207 reis
1055 2163 1228 2207 Corneli.
1279 2163 1458 2207 Cominii

110 2225 246 2264 autem
276 2237 429 2277 mayna
457 2224 640 2276 infamia
674 2224 956 2278 flayr·averunt
989 2224 1213 2266 vendidisse
1247 2223 1457 2265 silentium

110 2294 263 2335 mayna
286 2283 475 2335 pecunia.
