1673 2505
54 88 240 125 FACETE
254 86 510 123 DICTORUM.
527 86 568 123 G.
588 86 612 121 b
626 91 671 122 50
682 107 720 112 —
731 85 1011 122 POEMATUM.
1026 86 1070 121 H.
1092 86 1107 120 I
1121 97 1144 121 a
1160 91 1258 121 1—5.
1304 87 1385 128 351

114 196 231 245 Quae
257 194 428 236 Priamo
460 194 623 236 cladem
655 196 698 235 et
723 193 875 235 Troiae
904 196 1153 248 pestemque
1182 193 1396 247 ferebant‚·

113 253 205 296 Nos
237 253 395 295 circum
427 253 577 294 latices
610 253 774 308 gelidos
806 252 1072 293 fumantibus
1106 253 1190 294 aris

113 311 339 368 Aurigeris
372 311 513 353 divom
546 311 765 366 placantes
796 311 974 352 numina
1005 311 1140 352 tauris

114 370 200 413 Sub
232 371 410 426 platano
442 369 697 424 umbrifera,
728 369 824 411 fons
859 369 965 411 unde
998 372 1170 412 emanat
1202 370 1348 424 aquai,

113 429 310 470 Vidimus
342 429 505 470 inmani
538 428 674 483 specie
707 431 910 483 tortuque
943 428 1168 471 draconem

112 488 385 541 Terribilem,
415 487 531 530 Iovis
564 490 612 528 ut
642 487 770 542 pulsu
800 489 1046 542 penetraret
1077 488 1130 529 ab
1165 503 1258 542 ara3

113 546 194 595 Qui
225 547 392 602 platani
423 546 468 587 in
499 560 618 587 ramo
650 545 853 587 foliorum
885 546 1074 601 tegmine
1108 550 1280 602 saeptos

114 605 333 660 Corripuit
363 605 525 660 pullos3
557 618 663 658 quos
696 619 790 646 cum
823 607 1092 646 consumeret
1124 608 1238 659 octo,

111 663 240 706 Nona
271 678 399 719 super
430 663 615 705 tremulo
648 663 842 718 genetrix
875 664 1076 719 clangore
1108 664 1303 719 volabat3

114 722 192 764 Cui
221 722 337 764 ferus
369 722 532 764 inmani
563 722 743 763 laniavit
774 722 938 763 viscera
970 737 1126 764 morsu.

110 780 248 835 Hunc,
280 781 354 823 ubi
379 783 470 822 tam
496 784 665 823 teneros
692 781 878 822 volucris
906 783 1170 836 matremque
1199 782 1397 837 peremit,

112 839 193 888 Qui
225 840 309 882 luci
341 840 549 893 ediderat,
582 840 752 895 genitor
784 839 1010 881 Saturnius
1041 841 1154 882 idem

112 899 293 940 Abdidit
325 901 367 940 et
400 899 504 941 duro
536 898 742 940 formavit
773 899 963 954 tegmine
995 899 1099 941 saxi.

111 957 203 1000 Nos
237 960 379 999 autem
412 958 553 999 timidi
585 960 750 999 stantes
783 958 981 999 mirabile
1012 961 1254 1000 monstrum

0 1014 33 1054 ³5
112 1016 310 1058 Vidimus
340 1017 386 1058 in
419 1017 567 1058 mediis
601 1016 743 1058 divom
774 1017 984 1058 versarier
1016 1018 1112 1059 aris.

112 1075 221 1117 Tum
254 1075 436 1117 Calchas
468 1076 574 1119 haec
606 1078 671 1116 est
701 1075 850 1116 fidenti
881 1090 983 1117 voce
1015 1076 1204 1118 locutus:

112 1134 339 1183 ‘Quidnam
370 1137 591 1189 torpentes
625 1134 768 1175 subito
802 1134 1088 1188 obstipuistis,
1119 1134 1305 1177 Achivi?

112 1192 250 1235 Nobis
282 1194 387 1235 haec
417 1196 623 1248 portenta·
652 1193 776 1234 deum
808 1192 924 1234 dedit
954 1193 1046 1247 ipse
1079 1196 1247 1236 creator

112 1252 253 1294 Tarda
285 1254 328 1294 et
359 1266 454 1293 sera
483 1252 630 1306 nimis,
663 1252 737 1293 sed
766 1251 884 1292 fama
916 1267 963 1293 ac
995 1252 1120 1294 laude
1152 1253 1342 1307 perenni.

111 1310 225 1353 Nam
258 1313 362 1366 quot
395 1311 484 1352 avis
517 1313 657 1352 taetro
690 1313 901 1352 mactatas
936 1310 1060 1352 dente
1092 1311 1266 1365 videtis,

112 1370 196 1412 Tot
225 1385 304 1412 nos
337 1370 390 1412 ad
421 1369 595 1411 Troiam
627 1369 732 1411 belli
764 1369 1083 1411 exanclabimus
1117 1385 1269 1424 annos;

113 1428 228 1477 Quae
261 1429 436 1471 decumo
469 1429 592 1471 cadet
624 1431 666 1470 et
696 1443 835 1484 poena
867 1429 1046 1470 satiabit
1077 1428 1294 1471 Achivos.'

111 1488 259 1529 Edidit
290 1488 394 1529 haec
426 1487 626 1541 Calchas,
660 1502 767 1542 quae
798 1487 885 1529 iam
917 1490 1088 1530 matura
1119 1489 1286 1530 videtis.

142 1548 181 1589 2.
213 1546 293 1590 0250.
327 1547 442 1588 Tusa.
467 1547 555 1588 III
573 1549 642 1589 26.
669 1551 723 1588 63
752 1546 897 1600 (Hom.
930 1547 998 1588 VI
1016 1547 1190 1601 201qu
1221 1548 1293 1589 Ex
1323 1547 1397 1589 hoe

9 1617 35 1643 ²5
53 1607 191 1659 evenit,
220 1609 268 1647 ut
296 1607 342 1647 in
372 1607 506 1647 animi
535 1606 739 1647 doloribus
768 1606 846 1647 alii
875 1606 1112 1648 solitudines
1144 1610 1319 1660 captent,
1350 1610 1396 1648 ul

53 1665 116 1707 ait
146 1665 353 1707 Homerus
383 1666 430 1707 de
460 1664 790 1718 Bellerophonte:

114 1722 195 1773 Qui
226 1724 356 1765 miser
386 1723 432 1765 in
464 1724 626 1778 campis
658 1737 852 1765 maerens
885 1724 1058 1765 errabat
1089 1724 1209 1766 Aleis

111 1782 211 1838 Ipse
244 1798 367 1824 suum
400 1797 472 1825 cor
504 1783 648 1837 edens,
679 1782 900 1824 hominum
932 1783 1118 1839 vestigia
1149 1783 1304 1826 vitans.

143 1843 181 1883 3.
209 1841 288 1884 Cic.
313 1843 360 1884 de
380 1843 481 1895 ylor.
501 1842 561 1883 II
579 1856 644 1895 ap.
666 1841 767 1884 Gell.
787 1842 833 1883 X
841 1842 920 1883 V6
939 1842 1083 1895 (Hom.
1111 1842 1204 1884 VH
1226 1846 1280 1885 89
1293 1843 1396 1896 sqq.)

19 1913 35 1938 ο
112 1900 195 1943 Hic
227 1901 334 1942 situs
367 1903 433 1942 est
464 1901 578 1942 vitae
609 1901 695 1942 iam
727 1900 893 1955 pridem
925 1901 1089 1943 lumina
1120 1901 1336 1956 linquens,

113 1958 194 2008 Qui
227 1960 442 2014 quondam
474 1960 685 2001 Hectoreo
717 1960 939 2015 perculsus
971 1960 1157 2002 concidit
1189 1975 1299 2002 ense.

111 2017 291 2060 Fabitur
322 2019 427 2061 haec
460 2019 633 2073 aliquis,
666 2033 761 2060 mea
792 2033 960 2074 semper
993 2019 1132 2073 gloria
1163 2019 1291 2061 vivet.

141 2078 181 2120 4.
213 2077 292 2120 Cio.
327 2079 374 2120 cle
410 2079 487 2120 cliv.
519 2078 579 2119 II
604 2082 670 2120 39.
701 2080 759 2120 82
789 2078 933 2132 (Hom.
965 2078 1040 2120 IX
1067 2079 1171 2132 236)
1202 2079 1394 2120 Homeri·

54 2149 123 2179 cus
153 2137 268 2178 Aiax
303 2138 415 2190 apud
443 2137 644 2179 Achillem
680 2151 847 2190 querens
883 2138 930 2179 de
958 2138 1162 2189 ferocitate
1196 2138 1394 2180 Troiano-

19 2206 35 2231 5
53 2209 147 2237 rum
177 2197 308 2238 neseio
339 2197 439 2249 quid
467 2196 539 2238 lzoe
568 2197 684 2238 modo
715 2198 902 2237 nuntiat:

111 2253 325 2310 Prospera
355 2254 550 2310 Iuppiter
579 2255 648 2296 his
681 2255 842 2297 dextris
872 2255 1118 2311 fulgoribus
1151 2255 1250 2297 edit.

142 2313 180 2356 5.
212 2314 292 2356 Cic.
321 2315 368 2356 cle
403 2315 484 2356 cliv.
515 2315 548 2355 I
571 2316 639 2356 25.
672 2316 728 2357 52
758 2314 902 2369 (Hom.
933 2315 1009 2356 IX
1036 2315 1138 2365 363)
1168 2315 1249 2357 Est
1283 2314 1394 2367 apud
