1663 2490
175 83 260 124 174
570 83 773 119 LAELIUS
798 83 863 117 DE
888 82 1107 119 AMICITIA

173 191 458 246 cogitationes
491 191 738 233 abiecerunt
768 192 813 232 in
843 205 934 232 rem
965 194 1056 232 tam
1094 191 1302 233 humilem
1338 194 1515 246 tamque

173 253 476 304 contemptam.
538 249 675 298 Quam
707 249 762 291 ob
794 263 885 290 rem
916 249 995 291 hos
1028 249 1199 304 quidem
1231 250 1285 292 ab
1316 250 1398 292 hoc
1430 265 1514 292 ser-

174 323 299 350 mone
342 323 655 362 removeamus,
698 307 782 362 ipsi
826 310 970 349 autem
1013 308 1315 364 intellegamus
1359 312 1514 351 natura

175 367 294 423 gigni
321 381 492 408 sensum
519 366 725 421 diligendi
745 368 788 407 et
813 366 1128 409 benivolentiae
1149 368 1373 409 caritatem
1399 368 1514 409 facta

175 426 487 481 significatione
518 425 763 480 probitatis.
824 424 961 474 Quam
994 426 1066 480 qui
1098 426 1410 481 adpetiverunt,
1445 427 1513 468 ad·
1550 440 1568 465 5

172 484 337 540 plicant
368 499 413 525 se
445 486 488 525 et
518 484 695 539 propius
729 483 970 539 admovent,
1000 487 1049 525 ut
1081 487 1124 526 et
1148 499 1228 526 usu
1254 485 1355 536 eius,
1388 500 1514 540 quem

174 544 350 599 diligere
382 545 625 597 coeperunt,
655 542 855 584 fruantur
887 546 930 584 et
961 543 1152 585 moribus
1186 543 1356 598 sintque
1387 558 1513 599 pares

173 602 218 644 in
250 615 394 644 amore
426 604 470 642 et
502 602 701 655 aequales
732 602 1117 656 propensioresque
1143 602 1196 643 ad
1220 602 1328 644 bene
1353 617 1515 645 meren-

174 661 273 702 dum
307 675 435 715 quam
467 660 520 702 ad
552 660 881 715 reposcendum,
913 664 1041 715 atque
1072 661 1177 703 haec
1207 661 1321 702 inter
1353 676 1424 704 eos
1457 662 1515 703 sit

172 720 356 761 honesta
381 719 574 761 certatio.
618 717 687 761 Sic
712 722 756 760 et
780 719 993 761 utilitates
1021 734 1071 761 ex
1092 719 1281 761 amicitia
1303 721 1514 762 maximae
1535 735 1567 760 10
1630 718 1631 723 ’

173 778 416 833 capientur,
447 781 490 820 et
521 778 604 820 erit
636 778 725 819 eius
757 781 877 820 ortus
910 793 935 820 a
965 781 1122 820 natura
1153 793 1282 833 quam
1314 779 1368 820 ab
1399 779 1515 821 inbe-

173 838 354 880 cillitate
387 837 562 893 gravior
593 839 637 878 et
667 836 819 879 verior.
880 836 994 879 Nam
1026 837 1063 878 si
1099 837 1268 879 utilitas
1301 838 1513 880 amicitias

173 896 504 951 conglutinaret,
536 895 683 937 eadem
715 899 981 938 commutata
1013 896 1285 951 dissolveret3
1318 897 1391 938 sed
1416 897 1516 952 quia

171 958 327 997 natura
353 954 513 997 mutari
537 969 625 996 non
649 958 807 1009 potest,
835 955 991 997 idcirco
1017 969 1143 997 verae
1170 955 1384 997 amicitiae
1410 970 1515 997 sem·

172 1014 365 1069 piternae
398 1016 509 1056 sunt.
572 1013 725 1055 Ortum
758 1014 929 1068 quidem
967 1014 1182 1056 amicitiae
1219 1014 1393 1069 videtis,
1432 1015 1567 1056 nisius
1624 1023 1631 1034 ⁴·

174 1073 275 1127 quid
307 1073 360 1115 ad
392 1074 497 1115 haec
527 1072 640 1114 forte
672 1073 818 1114 vultis.

258 1132 454 1174 FANNws.
510 1131 575 1173 Tu
601 1146 702 1173 vero
727 1146 870 1187 perge,
901 1131 1040 1185 Laeli3
1070 1146 1149 1186 pro
1175 1132 1256 1174 hoc
1293 1132 1417 1187 enim,
1444 1133 1516 1187 qui

172 1191 313 1232 minor
345 1193 410 1233 est
441 1193 564 1244 natu,
596 1204 691 1232 meo
723 1190 814 1232 iure
846 1190 1095 1244 respondeo.

102 1263 145 1294 33
260 1249 482 1293 Samson.
531 1249 662 1291 Recte
693 1252 741 1291 tu
777 1249 958 1304 quidem.
1002 1248 1139 1298 Quam
1171 1249 1226 1291 ob
1258 1264 1349 1291 rem
1375 1250 1516 1292 audia-

174 1323 281 1350 mus.
1535 1323 1568 1348 20

106 1370 158 1411 10
259 1367 450 1410 LAELIUS.
493 1366 652 1408 Audite
677 1381 791 1421 vero,
817 1366 984 1422 optumi
1007 1366 1101 1420 viri,
1132 1381 1194 1421 ea,
1226 1381 1334 1421 quae
1360 1368 1516 1422 saepis-

174 1427 278 1468 sime
310 1427 422 1468 inter
447 1440 515 1467 me
540 1428 584 1467 et
609 1424 853 1480 Scipionem
885 1425 935 1467 de
962 1425 1152 1467 amicitia
1183 1425 1513 1468 disserebantur.

175 1486 444 1540 Quamquam
481 1484 556 1526 ille
595 1485 767 1539 quidem
797 1484 906 1525 nihil
951 1484 1167 1526 difficilius
1206 1498 1298 1526 esse
1336 1484 1515 1540 dicebat,

174 1559 302 1600 quam
334 1544 569 1586 amicitiam
600 1558 734 1598 usque
767 1543 820 1585 ad
852 1545 1090 1585 extremum
1121 1543 1236 1585 vitae
1274 1542 1387 1585 diem
1423 1558 1516 1599 per·

175 1618 357 1645 manere.
418 1602 551 1657 Nam,
590 1603 659 1645 vel
696 1605 745 1644 ut
780 1617 868 1644 non
904 1602 1015 1644 idem
1054 1602 1289 1657 expediret,
1331 1602 1516 1645 incidere
1536 1615 1568 1641 π

175 1677 313 1717 saepe,
343 1662 413 1704 vel
444 1664 493 1703 ut
525 1661 575 1703 de
606 1676 652 1703 re
683 1661 857 1716 publica
887 1676 973 1703 non
1004 1661 1117 1703 idem
1147 1661 1397 1715 sentiretur3
1428 1677 1516 1703 mu-

174 1722 260 1764 tari
297 1721 428 1763 etiam
466 1735 608 1762 mores
645 1720 868 1762 hominum
907 1734 1033 1775 saepe
1071 1720 1257 1774 dicebat,
1302 1720 1409 1762 alias
1448 1721 1517 1762 ad-

174 1780 310 1823 versis
336 1780 477 1834 rebus,
509 1780 616 1821 alias
644 1782 785 1821 aetate
816 1779 1151 1834 ingravescente.
1201 1778 1344 1833 Atque
1372 1794 1517 1821 earum

175 1854 317 1881 rerum
338 1839 580 1894 exemplum
601 1853 651 1880 ex
672 1838 952 1880 similitudine
978 1838 1176 1893 capiebat
1196 1837 1383 1879 ineuntis
1405 1841 1517 1880 aeta·

175 1899 245 1953 tis,
273 1898 385 1952 quod
412 1897 568 1939 summi
593 1912 824 1952 puerorum
844 1911 1011 1939 amores
1033 1911 1158 1951 saepe
1178 1911 1263 1938 una
1282 1911 1377 1938 cum
1398 1912 1516 1952 prae·
1537 1910 1570 1935 so
1622 1920 1625 1955 3

107 1969 149 2000 34
176 1960 295 1998 texta
332 1960 438 2012 toga
474 1959 753 2012 ponerentur3
797 1956 863 1997 sin
907 1958 1050 1998 autem
1091 1955 1145 1997 ad
1182 1955 1517 1997 adulescentiam
1624 1960 1625 1965 ’

175 2016 492 2072 perduxissent,
531 2015 673 2057 dirimi
710 2018 856 2057 tamen
892 2014 1107 2056 interdum
1145 2014 1418 2056 contentione
1448 2015 1517 2056 vel

176 2075 349 2116 uxoriae
381 2074 640 2116 condicionis
673 2075 739 2115 vel
774 2074 987 2116 commodi
1026 2073 1222 2127 alicuius,
1261 2073 1373 2127 quod
1405 2073 1518 2115 idem

177 2133 355 2188 adipisci
392 2136 571 2187 uterque
609 2147 695 2175 non
732 2136 892 2188 posset.
953 2132 1114 2181 Quodsi
1154 2132 1225 2186 qui
1264 2132 1435 2188 longius
1473 2132 1518 2173 in

178 2192 367 2235 amicitia
393 2192 585 2247 provecti
611 2194 765 2245 essent,
797 2195 944 2233 tamen
969 2205 1095 2246 saepe
1121 2191 1387 2245 labefactari,
1412 2191 1449 2232 si
1474 2191 1519 2232 in
1538 2202 1571 2228 ³⁵

177 2251 353 2293 honoris
381 2251 697 2293 contentionem
723 2251 990 2305 incidissent3
1021 2252 1187 2305 pestem
1217 2250 1329 2291 enim
1353 2250 1519 2292 nullam

178 2311 386 2352 maiorem
424 2324 517 2352 esse
555 2309 755 2352 amicitiis
794 2324 923 2365 quam
965 2309 1011 2351 in
1054 2309 1271 2364 plerisque
1314 2308 1517 2365 pecuniae

1629 522 1633 543 1

1613 1644 1629 1875 ι-·.ῷψκ-ῴιάζὲ-έε
1614 1286 1631 1639 ωὲη-ΜΔΝΜΨ
1625 1255 1629 1267 -.
1620 1186 1630 1243 -ae--x
1623 1103 1631 1167 vm
1629 1090 1631 1098 I
1626 1071 1631 1085 k
