1673 2505
217 87 303 127 426
395 86 570 121 ORATIO
597 86 759 121 PRIDIE
786 85 923 128 QUAM
947 86 999 120 IN
1024 86 1230 122 EXILIUM
1254 86 1377 123 IRET.

217 208 347 235 unum
381 209 509 248 quam
540 194 747 248 populum
778 209 914 247 neque
946 193 1087 235 verius
1121 194 1174 235 ab
1211 194 1393 250 singulis
1425 209 1551 250 quam

220 252 273 293 ab
301 253 497 293 omnibus
523 256 712 307 repetere
740 252 852 293 offici
880 252 1122 306 praemium
1149 254 1192 293 et
1221 252 1428 307 fructum,
1459 268 1555 308 pro·

219 313 367 365 pterea
405 311 518 365 quod
554 314 599 351 in
637 310 760 351 unius
796 310 985 365 periculo
1019 325 1143 365 saepe
1175 312 1389 353 eontentio
1421 326 1555 366 parva

221 372 304 421 est,
346 371 396 410 ut
432 369 539 410 levis
579 368 635 409 sit
672 369 795 410 labor
833 368 1046 410 defensori
1083 368 1372 423 sustinendus,
1412 370 1457 411 in
1492 370 1555 411 rei

220 428 416 481 publicae
454 427 638 481 insidiis,
676 442 758 481 quo
795 427 961 468 firmius
1000 429 1082 481 est,
1121 426 1233 481 quod
1271 431 1555 484 oppugnatur,
1592 439 1608 464 ⁵

221 501 269 527 eo
303 486 542 540 paratiores
576 487 675 526 sunt
705 486 885 540 inimici,
922 488 970 526 ut
1007 486 1060 527 iis
1097 486 1182 526 nisi
1212 500 1370 541 magna
1402 487 1555 529 sollici-

172 555 194 586 5
220 544 383 598 tudine,
420 544 648 598 industria,
688 544 848 585 virtute
884 558 971 585 non
1009 547 1138 598 queat
1169 544 1323 585 resisti.
1384 544 1442 586 Et
1474 546 1556 587 sin-

221 603 420 658 gulorum
442 617 543 657 opes
564 617 690 657 saepe
711 605 811 643 sunt
829 605 978 644 tenues
1005 605 1047 644 et
1072 603 1266 644 infirmae
1291 603 1344 644 ad
1370 604 1556 658 gratiam

219 661 498 714 referendam,
532 664 580 702 ut
606 662 809 716 opitulari
834 661 940 703 bene
972 661 1233 702 merentibus
1263 665 1488 716 nequeant,
1520 663 1557 703 si

220 720 403 761 maxime
424 720 615 774 cupiant,
637 720 934 761 universorum
955 720 1161 762 auxilium
1179 720 1413 775 plurimum
1433 721 1556 775 prod·
1576 732 1608 756 10

221 781 303 832 est,
348 793 431 833 quo
467 778 729 820 firmioribus
768 779 920 833 opibus
959 781 1024 820 est
1059 779 1217 819 nixum.
1277 778 1374 820 Iure
1410 779 1556 834 igitur,

221 837 424 891 quoniam
451 840 494 878 et
518 837 655 879 maior
680 838 860 892 inpensa
891 838 937 878 in
967 838 1153 892 patriam
1183 837 1313 879 officii
1337 837 1454 879 faeta
1479 841 1556 892 est,

221 911 349 950 quam
379 896 424 937 in
456 896 626 951 privata
655 896 706 937 fit
737 896 992 950 defensione,
1025 899 1067 937 et
1097 897 1194 950 plus
1227 911 1252 937 a
1282 896 1405 937 vobis
1437 911 1557 951 prae-

222 955 317 995 sidii
355 969 483 1009 quam
522 970 546 996 a
583 955 735 997 ceteris
774 955 867 1009 opis
906 955 958 996 ad
997 956 1177 996 salutem
1211 957 1356 1009 potest
1388 955 1557 1009 adferri,

219 1028 295 1055 vos
329 1016 539 1068 optestor,
582 1028 687 1068 quos
727 1014 831 1054 mihi
864 1016 905 1054 et
937 1014 1088 1055 debere
1122 1016 1164 1061 et
1200 1028 1327 1068 posse
1358 1014 1555 1069 intelligo
1577 1025 1609 1050 15

172 1084 193 1113 6
221 1072 434 1127 opitulari.
483 1072 581 1114 Non
613 1073 811 1114 convenit
842 1072 966 1126 enim,
997 1087 1093 1114 eum
1125 1086 1204 1128 ego
1238 1073 1291 1113 ad
1315 1087 1557 1127 promeren-

221 1131 319 1172 dum
358 1131 545 1172 officium
583 1134 673 1173 tam
709 1131 864 1172 fuerim
899 1131 1139 1186 expeditus,
1176 1146 1252 1173 vos
1285 1132 1338 1173 ad
1371 1132 1557 1187 gratiam

220 1189 486 1231 referendam
518 1204 609 1231 esse
641 1190 870 1244 tardiores,
900 1205 971 1243 ne,
1004 1190 1120 1231 cuius
1154 1190 1481 1245 amplitudinem
1514 1193 1556 1232 et

219 1249 403 1304 gloriam
442 1249 566 1290 laude
605 1251 732 1303 atque
776 1249 1012 1290 honoribus
1050 1249 1311 1303 amplificare
1352 1249 1556 1300 debeatis,
1646 1295 1647 1298 Ἴ

221 1308 309 1349 eius
341 1307 683 1349 incolumitatem
709 1310 752 1348 et
778 1308 962 1348 salutem
988 1307 1264 1348 deserendam
1290 1308 1556 1349 existimetis.
1576 1320 1610 1344 20
1646 1337 1649 1347 .
1669 1342 1673 1366 5

166 1367 193 1408 3
219 1366 393 1408 Etenim
427 1369 552 1420 errat,
586 1367 621 1407 si
653 1366 725 1420 qui
757 1367 993 1407 arbitratur
1020 1365 1077 1407 M.
1102 1366 1293 1407 Tullium
1324 1366 1480 1408 ideirco
1511 1367 1557 1408 in

219 1425 455 1480 perieulum
483 1425 635 1480 capitis
661 1425 818 1478 vocari,
851 1425 964 1478 quod
990 1424 1217 1479 deliquerit
1243 1425 1418 1479 aliquid,
1444 1426 1557 1480 quod

219 1484 406 1539 patriam
444 1484 638 1537 laeserit,
680 1483 792 1538 quod
829 1483 1023 1538 improbe
1062 1484 1232 1537 vixerit3
1275 1498 1361 1525 non
1399 1484 1557 1526 citatur

220 1558 316 1585 reus
354 1543 572 1596 audaciae,
615 1542 789 1583 virtutis
832 1557 928 1583 reus
972 1543 1147 1597 citatur3
1190 1557 1277 1583 non
1320 1545 1556 1597 accusatur,

220 1602 333 1657 quod
364 1616 455 1643 rem
482 1601 699 1656 publicam
725 1601 996 1656 oppugnarit,
1028 1601 1102 1642 sed
1127 1602 1240 1655 quod
1264 1601 1393 1643 homo
1419 1616 1554 1643 novus
1576 1613 1609 1638 25
1670 1636 1673 1660 5

219 1661 505 1715 perniciosum
536 1660 746 1702 nobilium
783 1660 1031 1701 restinxerit
1066 1660 1273 1715 furorem3
1309 1675 1395 1701 non
1433 1660 1556 1702 obest

219 1720 325 1761 mihi
362 1733 517 1761 nocens
557 1722 599 1760 et
640 1719 798 1774 turpis,
841 1719 915 1760 sed
956 1719 1258 1761 honestissime
1301 1719 1556 1761 lautissime-

221 1794 301 1833 que
334 1781 431 1819 acta
461 1778 569 1832 vita3
599 1793 687 1819 non
718 1778 815 1819 odio
847 1778 1069 1831 bonorum,
1102 1778 1175 1819 sed
1200 1778 1360 1819 invidia
1384 1793 1556 1833 premor

173 1849 192 1878 τ
220 1838 444 1879 malorum.
506 1837 764 1892 Intelligunt
799 1836 994 1878 homines
1029 1839 1096 1878 tot
1128 1839 1170 1878 et
1200 1839 1291 1878 tam
1322 1837 1555 1891 praeclaris

218 1896 478 1938 testimoniis
511 1895 871 1950 monimentisque
902 1895 1076 1937 virtutis
1103 1896 1361 1951 comparatis
1381 1895 1437 1936 M.
1457 1896 1554 1937 Tul·
1574 1906 1609 1932 30
1671 1945 1673 1953 4

219 1956 289 2009 lio,
322 1955 422 1996 dum
455 1954 511 1995 sit
542 1954 785 2008 incolumis,
816 1954 908 1996 fore
939 1955 1165 2009 voluptati.
1226 1954 1388 1996 Idcirco
1420 1954 1555 1996 vitam

220 2014 382 2068 eripere
403 2014 590 2068 cupiunt,
609 2013 673 2054 uti
694 2028 789 2054 cum
809 2013 964 2068 spiritu
985 2028 1155 2054 sensum
1177 2028 1343 2068 quoque
1364 2013 1555 2055 adimant

218 2073 507 2114 iucunditatis.
557 2072 710 2114 Nonne
735 2072 869 2127 igitur
897 2072 1119 2127 indignum
1152 2075 1218 2114 est
1249 2087 1320 2114 eos
1352 2073 1554 2127 praemiis

219 2131 324 2173 meis
362 2131 567 2186 invidere,
609 2131 682 2185 qui
718 2131 878 2172 virtute
917 2134 1079 2173 certare
1115 2131 1364 2185 noluerunt,
1401 2145 1473 2172 eos
1510 2131 1556 2173 in

218 2190 537 2232 contentionem
574 2191 718 2231 venire
756 2189 950 2244 honoris,
987 2190 1060 2244 qui
1097 2189 1248 2232 officiis
1287 2205 1331 2231 se
1363 2190 1557 2245 superari
1575 2200 1606 2226 35

219 2249 362 2291 animo
395 2249 653 2303 aequissimo
686 2249 908 2290 tulerunt?
959 2247 1003 2290 Si
1030 2249 1162 2291 dulcis
1189 2251 1254 2290 est
1280 2249 1429 2303 gloria,
1461 2263 1555 2291 con-

220 2322 396 2363 sequere
428 2308 652 2362 virtutem,
685 2308 775 2349 noli
808 2307 973 2349 abicere
1005 2308 1188 2362 labores,
1219 2307 1394 2362 perdere
1425 2307 1556 2349 hono-
