<?xml version="1.0" encoding="UTF-8"?>
<!DOCTYPE html PUBLIC "-//W3C//DTD XHTML 1.0 Transitional//EN"
    "http://www.w3.org/TR/xhtml1/DTD/xhtml1-transitional.dtd">
<html xmlns="http://www.w3.org/1999/xhtml" xml:lang="en" lang="en">
 <head>
  <title>
</title>
<meta http-equiv="Content-Type" content="text/html;charset=utf-8" />
  <meta name='ocr-system' content='tesseract 3.04.00' />
  <meta name='ocr-capabilities' content='ocr_page ocr_carea ocr_par ocr_line ocrx_word'/>
</head>
<body>
  <div class='ocr_page' id='page_1' title='image "./p3scriptaquaemanse04ciceuoft_0145.png"; bbox 0 0 1663 2490; ppageno 0'>
   <div class='ocr_carea' id='block_1_1' title="bbox 450 56 1465 101">
    <p class='ocr_par' dir='ltr' id='par_1_1' title="bbox 450 56 1465 101">
     <span class='ocr_line' id='line_1_1' title="bbox 450 56 1465 101; baseline 0.001 -8"><span class='ocrx_word' id='word_1_1' title='bbox 450 57 538 93; x_wconf 89' lang='lat' dir='ltr'><strong>LIB.</strong></span> <span class='ocrx_word' id='word_1_2' title='bbox 567 58 611 92; x_wconf 86' lang='grc' dir='ltr'>ΙΙ.</span> <span class='ocrx_word' id='word_1_3' title='bbox 657 56 756 92; x_wconf 88' lang='lat' dir='ltr'><strong>CAP.</strong></span> <span class='ocrx_word' id='word_1_4' title='bbox 786 62 840 101; x_wconf 83' lang='lat'>16,</span> <span class='ocrx_word' id='word_1_5' title='bbox 868 61 922 92; x_wconf 78' lang='lat'>17.</span> <span class='ocrx_word' id='word_1_6' title='bbox 965 60 984 98; x_wconf 71' lang='grc' dir='ltr'>,ε</span> <span class='ocrx_word' id='word_1_7' title='bbox 1010 61 1159 92; x_wconf 78' lang='lat'><strong>55—60.</strong></span> <span class='ocrx_word' id='word_1_8' title='bbox 1412 56 1465 97; x_wconf 75' lang='grc' dir='ltr'>’Π</span> 
     </span>
    </p>
   </div>
   <div class='ocr_carea' id='block_1_2' title="bbox 76 164 1469 2345">
    <p class='ocr_par' dir='ltr' id='par_1_2' title="bbox 76 164 1469 2345">
     <span class='ocr_line' id='line_1_2' title="bbox 126 164 1465 220; baseline -0.003 -11"><span class='ocrx_word' id='word_1_9' title='bbox 126 167 396 210; x_wconf 84' lang='lat' dir='ltr'>deratissimo</span> <span class='ocrx_word' id='word_1_10' title='bbox 456 164 503 214; x_wconf 89' lang='lat' dir='ltr'>Q.</span> <span class='ocrx_word' id='word_1_11' title='bbox 552 165 694 207; x_wconf 92' lang='lat' dir='ltr'>Mucio</span> <span class='ocrx_word' id='word_1_12' title='bbox 753 164 1180 220; x_wconf 78' lang='lat' dir='ltr'>magnificentissima</span> <span class='ocrx_word' id='word_1_13' title='bbox 1245 164 1465 205; x_wconf 73' lang='lat' dir='ltr'>aedilitate</span> 
     </span>
     <span class='ocr_line' id='line_1_3' title="bbox 125 223 1465 279; baseline -0.004 -11"><span class='ocrx_word' id='word_1_14' title='bbox 125 227 296 269; x_wconf 85' lang='lat' dir='ltr'>functus</span> <span class='ocrx_word' id='word_1_15' title='bbox 335 228 421 279; x_wconf 86' lang='lat' dir='ltr'>est,</span> <span class='ocrx_word' id='word_1_16' title='bbox 459 224 608 265; x_wconf 87' lang='lat' dir='ltr'>deinde</span> <span class='ocrx_word' id='word_1_17' title='bbox 647 223 691 265; x_wconf 84' lang='lat' dir='ltr'>C.</span> <span class='ocrx_word' id='word_1_18' title='bbox 724 223 927 266; x_wconf 81' lang='lat' dir='ltr'>Claudius</span> <span class='ocrx_word' id='word_1_19' title='bbox 959 224 1070 278; x_wconf 87' lang='lat' dir='ltr'><strong>App.</strong></span> <span class='ocrx_word' id='word_1_20' title='bbox 1102 223 1149 277; x_wconf 91' lang='lat' dir='ltr'>f.,</span> <span class='ocrx_word' id='word_1_21' title='bbox 1188 223 1313 264; x_wconf 89' lang='lat' dir='ltr'>multi</span> <span class='ocrx_word' id='word_1_22' title='bbox 1352 225 1465 278; x_wconf 90' lang='lat' dir='ltr'>post,</span> 
     </span>
     <span class='ocr_line' id='line_1_4' title="bbox 124 281 1465 338; baseline -0.004 -11"><span class='ocrx_word' id='word_1_23' title='bbox 124 285 312 338; x_wconf 88' lang='lat' dir='ltr'>Luculli,</span> <span class='ocrx_word' id='word_1_24' title='bbox 343 283 621 336; x_wconf 79' lang='lat' dir='ltr'>Hortensius,</span> <span class='ocrx_word' id='word_1_25' title='bbox 655 281 844 337; x_wconf 70' lang='lat' dir='ltr'>Silanus,</span> <span class='ocrx_word' id='word_1_26' title='bbox 877 296 1023 324; x_wconf 87' lang='lat' dir='ltr'>omnes</span> <span class='ocrx_word' id='word_1_27' title='bbox 1057 285 1199 323; x_wconf 91' lang='lat' dir='ltr'>autem</span> <span class='ocrx_word' id='word_1_28' title='bbox 1233 281 1277 323; x_wconf 90' lang='lat' dir='ltr'>P.</span> <span class='ocrx_word' id='word_1_29' title='bbox 1309 281 1465 323; x_wconf 91' lang='lat' dir='ltr'>Lentu-</span> 
     </span>
     <span class='ocr_line' id='line_1_5' title="bbox 125 338 1465 396; baseline -0.004 -10"><span class='ocrx_word' id='word_1_30' title='bbox 125 345 193 386; x_wconf 88' lang='lat' dir='ltr'>lus</span> <span class='ocrx_word' id='word_1_31' title='bbox 237 358 305 385; x_wconf 91' lang='lat' dir='ltr'>me</span> <span class='ocrx_word' id='word_1_32' title='bbox 348 342 522 385; x_wconf 89' lang='lat' dir='ltr'>consule</span> <span class='ocrx_word' id='word_1_33' title='bbox 564 341 668 383; x_wconf 87' lang='lat' dir='ltr'>vicit</span> <span class='ocrx_word' id='word_1_34' title='bbox 711 343 969 396; x_wconf 83' lang='lat' dir='ltr'>superiores;</span> <span class='ocrx_word' id='word_1_35' title='bbox 1011 341 1123 383; x_wconf 89' lang='lat' dir='ltr'>hunc</span> <span class='ocrx_word' id='word_1_36' title='bbox 1173 343 1238 382; x_wconf 87' lang='lat' dir='ltr'>est</span> <span class='ocrx_word' id='word_1_37' title='bbox 1282 338 1465 382; x_wconf 83' lang='lat' dir='ltr'>Scaurus</span> 
     </span>
     <span class='ocr_line' id='line_1_6' title="bbox 90 399 1464 457; baseline -0.003 -13"><span class='ocrx_word' id='word_1_38' title='bbox 90 403 340 454; x_wconf 87' lang='lat' dir='ltr'>5imitatus;</span> <span class='ocrx_word' id='word_1_39' title='bbox 378 400 807 457; x_wconf 85' lang='lat' dir='ltr'>magnificentissima</span> <span class='ocrx_word' id='word_1_40' title='bbox 843 415 944 442; x_wconf 87' lang='lat' dir='ltr'>vero</span> <span class='ocrx_word' id='word_1_41' title='bbox 982 400 1120 442; x_wconf 78' lang='lat' dir='ltr'>nostri</span> <span class='ocrx_word' id='word_1_42' title='bbox 1159 399 1337 454; x_wconf 86' lang='lat' dir='ltr'>Pompei</span> <span class='ocrx_word' id='word_1_43' title='bbox 1374 415 1464 440; x_wconf 91' lang='lat' dir='ltr'>mu-</span> 
     </span>
     <span class='ocr_line' id='line_1_7' title="bbox 124 458 1464 514; baseline -0.004 -10"><span class='ocrx_word' id='word_1_44' title='bbox 124 477 229 505; x_wconf 90' lang='lat' dir='ltr'>nera</span> <span class='ocrx_word' id='word_1_45' title='bbox 260 461 442 503; x_wconf 90' lang='lat' dir='ltr'>secundo</span> <span class='ocrx_word' id='word_1_46' title='bbox 475 460 719 512; x_wconf 80' lang='lat' dir='ltr'>consulatn3</span> <span class='ocrx_word' id='word_1_47' title='bbox 751 460 794 500; x_wconf 86' lang='lat' dir='ltr'>in</span> <span class='ocrx_word' id='word_1_48' title='bbox 827 460 980 514; x_wconf 88' lang='lat' dir='ltr'>quibus</span> <span class='ocrx_word' id='word_1_49' title='bbox 1008 459 1206 500; x_wconf 87' lang='lat' dir='ltr'>omnibus</span> <span class='ocrx_word' id='word_1_50' title='bbox 1234 459 1334 513; x_wconf 90' lang='lat' dir='ltr'>quid</span> <span class='ocrx_word' id='word_1_51' title='bbox 1359 458 1464 500; x_wconf 89' lang='lat' dir='ltr'>mihi</span> 
     </span>
     <span class='ocr_line' id='line_1_8' title="bbox 125 517 1463 576; baseline -0.004 -13"><span class='ocrx_word' id='word_1_52' title='bbox 125 522 312 576; x_wconf 87' lang='lat' dir='ltr'>placeat,</span> <span class='ocrx_word' id='word_1_53' title='bbox 342 519 472 560; x_wconf 88' lang='lat' dir='ltr'>vides.</span> <span class='ocrx_word' id='word_1_54' title='bbox 535 517 724 559; x_wconf 77' lang='lat' dir='ltr'>Vitanda.</span> <span class='ocrx_word' id='word_1_55' title='bbox 756 521 898 560; x_wconf 88' lang='lat' dir='ltr'>tamen</span> <span class='ocrx_word' id='word_1_56' title='bbox 933 518 1119 573; x_wconf 87' lang='lat' dir='ltr'>suspicio</span> <span class='ocrx_word' id='word_1_57' title='bbox 1152 520 1219 559; x_wconf 89' lang='lat' dir='ltr'>est</span> <span class='ocrx_word' id='word_1_58' title='bbox 1244 517 1463 558; x_wconf 85' lang='lat' dir='ltr'>avaritiae.</span> 
     </span>
     <span class='ocr_line' id='line_1_9' title="bbox 125 576 1465 632; baseline -0.003 -11"><span class='ocrx_word' id='word_1_59' title='bbox 125 580 359 632; x_wconf 85' lang='lat' dir='ltr'><strong>Mamerco,</strong></span> <span class='ocrx_word' id='word_1_60' title='bbox 390 577 555 619; x_wconf 88' lang='lat' dir='ltr'>homini</span> <span class='ocrx_word' id='word_1_61' title='bbox 581 577 856 632; x_wconf 86' lang='lat' dir='ltr'>divitissimo,</span> <span class='ocrx_word' id='word_1_62' title='bbox 881 578 1204 632; x_wconf 83' lang='lat' dir='ltr'>praetermissio</span> <span class='ocrx_word' id='word_1_63' title='bbox 1231 576 1465 618; x_wconf 85' lang='lat' dir='ltr'>aedilitatis</span> 
     </span>
     <span class='ocr_line' id='line_1_10' title="bbox 127 636 1466 692; baseline -0.003 -12"><span class='ocrx_word' id='word_1_64' title='bbox 127 639 376 680; x_wconf 89' lang='lat' dir='ltr'>consulatus</span> <span class='ocrx_word' id='word_1_65' title='bbox 408 637 625 692; x_wconf 84' lang='lat' dir='ltr'>repulsam</span> <span class='ocrx_word' id='word_1_66' title='bbox 665 636 825 677; x_wconf 88' lang='lat' dir='ltr'>attulit.</span> <span class='ocrx_word' id='word_1_67' title='bbox 888 636 1027 685; x_wconf 86' lang='lat' dir='ltr'>Quare</span> <span class='ocrx_word' id='word_1_68' title='bbox 1059 639 1119 690; x_wconf 88' lang='lat' dir='ltr'>et,</span> <span class='ocrx_word' id='word_1_69' title='bbox 1152 636 1187 677; x_wconf 92' lang='lat' dir='ltr'>si</span> <span class='ocrx_word' id='word_1_70' title='bbox 1219 636 1466 691; x_wconf 88' lang='lat' dir='ltr'>postulatur</span> 
     </span>
     <span class='ocr_line' id='line_1_11' title="bbox 76 695 1466 753; baseline -0.003 -14"><span class='ocrx_word' id='word_1_71' title='bbox 76 710 108 734; x_wconf 83' lang='lat'>¹0</span> <span class='ocrx_word' id='word_1_72' title='bbox 128 713 153 739; x_wconf 89' lang='lat' dir='ltr'>a</span> <span class='ocrx_word' id='word_1_73' title='bbox 183 697 362 753; x_wconf 88' lang='lat' dir='ltr'>populo,</span> <span class='ocrx_word' id='word_1_74' title='bbox 393 696 518 737; x_wconf 91' lang='lat' dir='ltr'>bonis</span> <span class='ocrx_word' id='word_1_75' title='bbox 544 695 648 736; x_wconf 89' lang='lat' dir='ltr'>viris</span> <span class='ocrx_word' id='word_1_76' title='bbox 681 695 716 736; x_wconf 90' lang='lat' dir='ltr'>si</span> <span class='ocrx_word' id='word_1_77' title='bbox 742 710 826 737; x_wconf 91' lang='lat' dir='ltr'>non</span> <span class='ocrx_word' id='word_1_78' title='bbox 854 695 1213 749; x_wconf 84' lang='lat' dir='ltr'>desiderantibus,</span> <span class='ocrx_word' id='word_1_79' title='bbox 1245 697 1290 736; x_wconf 88' lang='lat' dir='ltr'>at</span> <span class='ocrx_word' id='word_1_80' title='bbox 1321 697 1466 736; x_wconf 86' lang='lat' dir='ltr'>tamen</span> 
     </span>
     <span class='ocr_line' id='line_1_12' title="bbox 128 754 1465 812; baseline -0.002 -14"><span class='ocrx_word' id='word_1_81' title='bbox 128 755 466 812; x_wconf 83' lang='lat' dir='ltr'>adprobantibus</span> <span class='ocrx_word' id='word_1_82' title='bbox 497 754 742 796; x_wconf 83' lang='lat' dir='ltr'>faciundum</span> <span class='ocrx_word' id='word_1_83' title='bbox 775 757 858 808; x_wconf 86' lang='lat' dir='ltr'>est,</span> <span class='ocrx_word' id='word_1_84' title='bbox 896 755 1022 796; x_wconf 90' lang='lat' dir='ltr'>modo</span> <span class='ocrx_word' id='word_1_85' title='bbox 1061 769 1139 809; x_wconf 90' lang='lat' dir='ltr'>pro</span> <span class='ocrx_word' id='word_1_86' title='bbox 1171 754 1465 807; x_wconf 85' lang='lat' dir='ltr'>facultatibus,</span> 
     </span>
     <span class='ocr_line' id='line_1_13' title="bbox 127 813 1467 870; baseline -0.002 -13"><span class='ocrx_word' id='word_1_87' title='bbox 127 830 205 857; x_wconf 90' lang='lat' dir='ltr'>nos</span> <span class='ocrx_word' id='word_1_88' title='bbox 236 815 321 870; x_wconf 87' lang='lat' dir='ltr'>ipsi</span> <span class='ocrx_word' id='word_1_89' title='bbox 352 817 402 856; x_wconf 88' lang='lat' dir='ltr'>ut</span> <span class='ocrx_word' id='word_1_90' title='bbox 430 814 628 867; x_wconf 84' lang='lat' dir='ltr'>fecimus,</span> <span class='ocrx_word' id='word_1_91' title='bbox 667 816 727 866; x_wconf 88' lang='lat' dir='ltr'>et,</span> <span class='ocrx_word' id='word_1_92' title='bbox 765 814 800 854; x_wconf 91' lang='lat' dir='ltr'>si</span> <span class='ocrx_word' id='word_1_93' title='bbox 839 813 1008 868; x_wconf 88' lang='lat' dir='ltr'>quando</span> <span class='ocrx_word' id='word_1_94' title='bbox 1048 814 1194 867; x_wconf 90' lang='lat' dir='ltr'>aliqua</span> <span class='ocrx_word' id='word_1_95' title='bbox 1230 827 1298 854; x_wconf 90' lang='lat' dir='ltr'>res</span> <span class='ocrx_word' id='word_1_96' title='bbox 1329 813 1467 854; x_wconf 91' lang='lat' dir='ltr'>maior</span> 
     </span>
     <span class='ocr_line' id='line_1_14' title="bbox 128 871 1464 929; baseline -0.003 -13"><span class='ocrx_word' id='word_1_97' title='bbox 128 879 256 929; x_wconf 87' lang='lat' dir='ltr'>atque</span> <span class='ocrx_word' id='word_1_98' title='bbox 288 873 438 915; x_wconf 90' lang='lat' dir='ltr'>utilior</span> <span class='ocrx_word' id='word_1_99' title='bbox 468 872 669 928; x_wconf 89' lang='lat' dir='ltr'>populari</span> <span class='ocrx_word' id='word_1_100' title='bbox 701 872 931 927; x_wconf 81' lang='lat' dir='ltr'>largitione</span> <span class='ocrx_word' id='word_1_101' title='bbox 964 872 1216 926; x_wconf 78' lang='lat' dir='ltr'>adquiritur,</span> <span class='ocrx_word' id='word_1_102' title='bbox 1247 874 1296 913; x_wconf 89' lang='lat' dir='ltr'>ut</span> <span class='ocrx_word' id='word_1_103' title='bbox 1321 871 1464 913; x_wconf 86' lang='lat' dir='ltr'>Oresti</span> 
     </span>
     <span class='ocr_line' id='line_1_15' title="bbox 126 931 1466 988; baseline -0.001 -14"><span class='ocrx_word' id='word_1_104' title='bbox 126 948 263 988; x_wconf 84' lang='lat' dir='ltr'>nuper</span> <span class='ocrx_word' id='word_1_105' title='bbox 294 932 475 988; x_wconf 88' lang='lat' dir='ltr'>prandia</span> <span class='ocrx_word' id='word_1_106' title='bbox 504 932 551 973; x_wconf 90' lang='lat' dir='ltr'>in</span> <span class='ocrx_word' id='word_1_107' title='bbox 582 931 746 973; x_wconf 89' lang='lat' dir='ltr'>semitis</span> <span class='ocrx_word' id='word_1_108' title='bbox 779 931 979 972; x_wconf 85' lang='lat' dir='ltr'>decumae</span> <span class='ocrx_word' id='word_1_109' title='bbox 1011 931 1182 972; x_wconf 88' lang='lat' dir='ltr'>nomine</span> <span class='ocrx_word' id='word_1_110' title='bbox 1209 945 1367 986; x_wconf 80' lang='lat' dir='ltr'>magno</span> <span class='ocrx_word' id='word_1_111' title='bbox 1393 931 1466 972; x_wconf 94' lang='lat' dir='ltr'>ho-</span> 
     </span>
     <span class='ocr_line' id='line_1_16' title="bbox 77 988 1466 1044; baseline -0.003 -10"><span class='ocrx_word' id='word_1_112' title='bbox 77 1003 108 1028; x_wconf 77' lang='grc'>15</span> <span class='ocrx_word' id='word_1_113' title='bbox 128 993 223 1034; x_wconf 89' lang='lat' dir='ltr'>nori</span> <span class='ocrx_word' id='word_1_114' title='bbox 260 992 446 1033; x_wconf 87' lang='lat' dir='ltr'>fuerunt.</span> <span class='ocrx_word' id='word_1_115' title='bbox 506 989 573 1032; x_wconf 88' lang='lat' dir='ltr'>Ne</span> <span class='ocrx_word' id='word_1_116' title='bbox 612 989 669 1032; x_wconf 89' lang='lat' dir='ltr'>M.</span> <span class='ocrx_word' id='word_1_117' title='bbox 702 990 872 1044; x_wconf 87' lang='lat' dir='ltr'>quidem</span> <span class='ocrx_word' id='word_1_118' title='bbox 905 988 1001 1031; x_wconf 84' lang='lat' dir='ltr'>Seio</span> <span class='ocrx_word' id='word_1_119' title='bbox 1046 990 1151 1031; x_wconf 82' lang='lat' dir='ltr'>vitio</span> <span class='ocrx_word' id='word_1_120' title='bbox 1196 990 1343 1031; x_wconf 91' lang='lat' dir='ltr'>datum</span> <span class='ocrx_word' id='word_1_121' title='bbox 1389 993 1466 1043; x_wconf 88' lang='lat' dir='ltr'>est,</span> 
     </span>
     <span class='ocr_line' id='line_1_17' title="bbox 128 1049 1467 1104; baseline -0.002 -12"><span class='ocrx_word' id='word_1_122' title='bbox 128 1051 240 1103; x_wconf 80' lang='lat' dir='ltr'>quod</span> <span class='ocrx_word' id='word_1_123' title='bbox 277 1051 321 1091; x_wconf 91' lang='lat' dir='ltr'>in</span> <span class='ocrx_word' id='word_1_124' title='bbox 359 1049 539 1092; x_wconf 89' lang='lat' dir='ltr'>caritate</span> <span class='ocrx_word' id='word_1_125' title='bbox 578 1063 672 1090; x_wconf 89' lang='lat' dir='ltr'>asse</span> <span class='ocrx_word' id='word_1_126' title='bbox 711 1049 900 1090; x_wconf 89' lang='lat' dir='ltr'>modium</span> <span class='ocrx_word' id='word_1_127' title='bbox 937 1049 1098 1104; x_wconf 90' lang='lat' dir='ltr'>populo</span> <span class='ocrx_word' id='word_1_128' title='bbox 1132 1049 1265 1102; x_wconf 80' lang='lat' dir='ltr'>dedit3</span> <span class='ocrx_word' id='word_1_129' title='bbox 1309 1063 1467 1104; x_wconf 81' lang='lat' dir='ltr'>magna</span> 
     </span>
     <span class='ocr_line' id='line_1_18' title="bbox 128 1107 1466 1162; baseline -0.002 -11"><span class='ocrx_word' id='word_1_130' title='bbox 128 1111 240 1151; x_wconf 90' lang='lat' dir='ltr'>enim</span> <span class='ocrx_word' id='word_1_131' title='bbox 267 1124 311 1150; x_wconf 91' lang='lat' dir='ltr'>se</span> <span class='ocrx_word' id='word_1_132' title='bbox 337 1111 381 1150; x_wconf 87' lang='lat' dir='ltr'>et</span> <span class='ocrx_word' id='word_1_133' title='bbox 404 1109 645 1150; x_wconf 85' lang='lat' dir='ltr'>inveterata</span> <span class='ocrx_word' id='word_1_134' title='bbox 668 1108 831 1149; x_wconf 88' lang='lat' dir='ltr'>invidia</span> <span class='ocrx_word' id='word_1_135' title='bbox 855 1122 932 1149; x_wconf 91' lang='lat' dir='ltr'>nec</span> <span class='ocrx_word' id='word_1_136' title='bbox 957 1108 1075 1162; x_wconf 86' lang='lat' dir='ltr'>turpi</span> <span class='ocrx_word' id='word_1_137' title='bbox 1093 1107 1276 1155; x_wconf 90' lang='lat' dir='ltr'>iactura,</span> <span class='ocrx_word' id='word_1_138' title='bbox 1297 1107 1466 1161; x_wconf 87' lang='lat' dir='ltr'>quando</span> 
     </span>
     <span class='ocr_line' id='line_1_19' title="bbox 128 1165 1466 1221; baseline -0.001 -12"><span class='ocrx_word' id='word_1_139' title='bbox 128 1172 221 1210; x_wconf 76' lang='lat' dir='ltr'>erat</span> <span class='ocrx_word' id='word_1_140' title='bbox 246 1168 414 1221; x_wconf 90' lang='lat' dir='ltr'>aedilis,</span> <span class='ocrx_word' id='word_1_141' title='bbox 439 1182 517 1209; x_wconf 87' lang='lat' dir='ltr'>nec</span> <span class='ocrx_word' id='word_1_142' title='bbox 541 1167 730 1209; x_wconf 85' lang='lat' dir='ltr'>maxima</span> <span class='ocrx_word' id='word_1_143' title='bbox 755 1167 968 1208; x_wconf 84' lang='lat' dir='ltr'>liberavit.</span> <span class='ocrx_word' id='word_1_144' title='bbox 1018 1165 1099 1207; x_wconf 81' lang='lat' dir='ltr'>Sed</span> <span class='ocrx_word' id='word_1_145' title='bbox 1125 1167 1278 1208; x_wconf 91' lang='lat' dir='ltr'>honori</span> <span class='ocrx_word' id='word_1_146' title='bbox 1300 1181 1466 1207; x_wconf 88' lang='lat' dir='ltr'>summo</span> 
     </span>
     <span class='ocr_line' id='line_1_20' title="bbox 127 1225 1468 1283; baseline -0.003 -13"><span class='ocrx_word' id='word_1_147' title='bbox 127 1242 263 1283; x_wconf 88' lang='lat' dir='ltr'>nuper</span> <span class='ocrx_word' id='word_1_148' title='bbox 305 1230 454 1268; x_wconf 89' lang='lat' dir='ltr'>nostro</span> <span class='ocrx_word' id='word_1_149' title='bbox 498 1225 650 1267; x_wconf 89' lang='lat' dir='ltr'>Miloni</span> <span class='ocrx_word' id='word_1_150' title='bbox 692 1226 793 1279; x_wconf 81' lang='lat' dir='ltr'>fuit,</span> <span class='ocrx_word' id='word_1_151' title='bbox 838 1226 909 1280; x_wconf 90' lang='lat' dir='ltr'>qui</span> <span class='ocrx_word' id='word_1_152' title='bbox 955 1226 1266 1282; x_wconf 84' lang='lat' dir='ltr'>gladiatoribus</span> <span class='ocrx_word' id='word_1_153' title='bbox 1312 1225 1468 1280; x_wconf 90' lang='lat' dir='ltr'>emptis</span> 
     </span>
     <span class='ocr_line' id='line_1_21' title="bbox 76 1285 1468 1342; baseline -0.003 -13"><span class='ocrx_word' id='word_1_154' title='bbox 76 1299 110 1323; x_wconf 79' lang='lat'>20</span> <span class='ocrx_word' id='word_1_155' title='bbox 129 1287 190 1329; x_wconf 89' lang='lat' dir='ltr'>rei</span> <span class='ocrx_word' id='word_1_156' title='bbox 228 1286 424 1342; x_wconf 87' lang='lat' dir='ltr'>publicae</span> <span class='ocrx_word' id='word_1_157' title='bbox 463 1299 609 1336; x_wconf 84' lang='lat' dir='ltr'>causa,</span> <span class='ocrx_word' id='word_1_158' title='bbox 646 1300 754 1339; x_wconf 89' lang='lat' dir='ltr'>quae</span> <span class='ocrx_word' id='word_1_159' title='bbox 793 1286 931 1326; x_wconf 89' lang='lat' dir='ltr'>salute</span> <span class='ocrx_word' id='word_1_160' title='bbox 968 1288 1119 1327; x_wconf 86' lang='lat' dir='ltr'>nostra</span> <span class='ocrx_word' id='word_1_161' title='bbox 1156 1285 1468 1335; x_wconf 83' lang='lat' dir='ltr'>continebatur,</span> 
     </span>
     <span class='ocr_line' id='line_1_22' title="bbox 129 1343 1468 1399; baseline -0.003 -11"><span class='ocrx_word' id='word_1_162' title='bbox 129 1360 275 1388; x_wconf 89' lang='lat' dir='ltr'>omnes</span> <span class='ocrx_word' id='word_1_163' title='bbox 302 1345 348 1387; x_wconf 90' lang='lat' dir='ltr'>P.</span> <span class='ocrx_word' id='word_1_164' title='bbox 373 1344 496 1387; x_wconf 89' lang='lat' dir='ltr'>Clodi</span> <span class='ocrx_word' id='word_1_165' title='bbox 523 1346 701 1386; x_wconf 84' lang='lat' dir='ltr'>conatus</span> <span class='ocrx_word' id='word_1_166' title='bbox 732 1344 982 1399; x_wconf 88' lang='lat' dir='ltr'>furoresque</span> <span class='ocrx_word' id='word_1_167' title='bbox 1016 1344 1284 1399; x_wconf 86' lang='lat' dir='ltr'>compressit.</span> <span class='ocrx_word' id='word_1_168' title='bbox 1329 1343 1468 1386; x_wconf 85' lang='lat' dir='ltr'>Causa</span> 
     </span>
     <span class='ocr_line' id='line_1_23' title="bbox 128 1402 1468 1461; baseline -0.002 -14"><span class='ocrx_word' id='word_1_169' title='bbox 128 1406 263 1461; x_wconf 79' lang='lat' dir='ltr'>igitur</span> <span class='ocrx_word' id='word_1_170' title='bbox 293 1404 538 1460; x_wconf 83' lang='lat' dir='ltr'>largitionis</span> <span class='ocrx_word' id='word_1_171' title='bbox 571 1407 654 1456; x_wconf 86' lang='lat' dir='ltr'>est,</span> <span class='ocrx_word' id='word_1_172' title='bbox 687 1403 722 1444; x_wconf 88' lang='lat' dir='ltr'>si</span> <span class='ocrx_word' id='word_1_173' title='bbox 755 1407 830 1444; x_wconf 87' lang='lat' dir='ltr'>aut</span> <span class='ocrx_word' id='word_1_174' title='bbox 860 1418 1032 1445; x_wconf 88' lang='lat' dir='ltr'>necesse</span> <span class='ocrx_word' id='word_1_175' title='bbox 1058 1406 1124 1444; x_wconf 90' lang='lat' dir='ltr'>est</span> <span class='ocrx_word' id='word_1_176' title='bbox 1156 1406 1231 1445; x_wconf 89' lang='lat' dir='ltr'>aut</span> <span class='ocrx_word' id='word_1_177' title='bbox 1256 1403 1374 1444; x_wconf 88' lang='lat' dir='ltr'>utile.</span> <span class='ocrx_word' id='word_1_178' title='bbox 1417 1402 1468 1444; x_wconf 94' lang='lat' dir='ltr'>In</span> 
     </span>
     <span class='ocr_line' id='line_1_24' title="bbox 128 1461 1468 1518; baseline -0.001 -13"><span class='ocrx_word' id='word_1_179' title='bbox 128 1465 196 1506; x_wconf 84' lang='lat' dir='ltr'>his</span> <span class='ocrx_word' id='word_1_180' title='bbox 235 1466 378 1505; x_wconf 87' lang='lat' dir='ltr'>autem</span> <span class='ocrx_word' id='word_1_181' title='bbox 416 1463 522 1518; x_wconf 88' lang='lat' dir='ltr'>ipsis</span> <span class='ocrx_word' id='word_1_182' title='bbox 559 1462 868 1504; x_wconf 87' lang='lat' dir='ltr'>mediocritatis</span> <span class='ocrx_word' id='word_1_183' title='bbox 906 1463 1056 1518; x_wconf 85' lang='lat' dir='ltr'>regula</span> <span class='ocrx_word' id='word_1_184' title='bbox 1088 1463 1253 1517; x_wconf 88' lang='lat' dir='ltr'>optima</span> <span class='ocrx_word' id='word_1_185' title='bbox 1285 1464 1362 1504; x_wconf 89' lang='lat' dir='ltr'>est.</span> <span class='ocrx_word' id='word_1_186' title='bbox 1422 1461 1468 1503; x_wconf 92' lang='lat' dir='ltr'>L.</span> 
     </span>
     <span class='ocr_line' id='line_1_25' title="bbox 130 1520 1468 1578; baseline -0.002 -14"><span class='ocrx_word' id='word_1_187' title='bbox 130 1523 300 1578; x_wconf 89' lang='lat' dir='ltr'>quidem</span> <span class='ocrx_word' id='word_1_188' title='bbox 326 1522 553 1577; x_wconf 89' lang='lat' dir='ltr'>Philippus</span> <span class='ocrx_word' id='word_1_189' title='bbox 585 1520 632 1569; x_wconf 93' lang='lat' dir='ltr'>Q.</span> <span class='ocrx_word' id='word_1_190' title='bbox 659 1521 699 1575; x_wconf 87' lang='lat' dir='ltr'>f.,</span> <span class='ocrx_word' id='word_1_191' title='bbox 730 1535 888 1577; x_wconf 79' lang='lat' dir='ltr'>magno</span> <span class='ocrx_word' id='word_1_192' title='bbox 920 1522 987 1562; x_wconf 89' lang='lat' dir='ltr'>vir</span> <span class='ocrx_word' id='word_1_193' title='bbox 1017 1522 1190 1577; x_wconf 81' lang='lat' dir='ltr'>ingenio</span> <span class='ocrx_word' id='word_1_194' title='bbox 1222 1522 1267 1563; x_wconf 90' lang='lat' dir='ltr'>in</span> <span class='ocrx_word' id='word_1_195' title='bbox 1298 1521 1468 1576; x_wconf 89' lang='lat' dir='ltr'>primis-</span> 
     </span>
     <span class='ocr_line' id='line_1_26' title="bbox 76 1580 1468 1637; baseline -0.002 -13"><span class='ocrx_word' id='word_1_196' title='bbox 76 1594 110 1618; x_wconf 80' lang='lat'>25</span> <span class='ocrx_word' id='word_1_197' title='bbox 130 1597 211 1637; x_wconf 91' lang='lat' dir='ltr'>que</span> <span class='ocrx_word' id='word_1_198' title='bbox 243 1583 403 1634; x_wconf 90' lang='lat' dir='ltr'>clarus,</span> <span class='ocrx_word' id='word_1_199' title='bbox 445 1580 623 1636; x_wconf 74' lang='lat' dir='ltr'>gloriari</span> <span class='ocrx_word' id='word_1_200' title='bbox 662 1580 829 1622; x_wconf 87' lang='lat' dir='ltr'>solebat</span> <span class='ocrx_word' id='word_1_201' title='bbox 868 1595 911 1622; x_wconf 90' lang='lat' dir='ltr'>se</span> <span class='ocrx_word' id='word_1_202' title='bbox 944 1581 1034 1622; x_wconf 89' lang='lat' dir='ltr'>sine</span> <span class='ocrx_word' id='word_1_203' title='bbox 1071 1581 1161 1622; x_wconf 92' lang='lat' dir='ltr'>ullo</span> <span class='ocrx_word' id='word_1_204' title='bbox 1194 1595 1367 1622; x_wconf 88' lang='lat' dir='ltr'>munere</span> <span class='ocrx_word' id='word_1_205' title='bbox 1400 1580 1468 1622; x_wconf 91' lang='lat' dir='ltr'>ad·</span> 
     </span>
     <span class='ocr_line' id='line_1_27' title="bbox 130 1639 1468 1696; baseline -0.001 -14"><span class='ocrx_word' id='word_1_206' title='bbox 130 1644 277 1696; x_wconf 90' lang='lat' dir='ltr'>eptum</span> <span class='ocrx_word' id='word_1_207' title='bbox 301 1655 393 1682; x_wconf 85' lang='lat' dir='ltr'>esse</span> <span class='ocrx_word' id='word_1_208' title='bbox 420 1640 575 1693; x_wconf 87' lang='lat' dir='ltr'>omnia,</span> <span class='ocrx_word' id='word_1_209' title='bbox 603 1654 710 1694; x_wconf 88' lang='lat' dir='ltr'>quae</span> <span class='ocrx_word' id='word_1_210' title='bbox 736 1639 998 1681; x_wconf 85' lang='lat' dir='ltr'>haberentur</span> <span class='ocrx_word' id='word_1_211' title='bbox 1024 1640 1304 1695; x_wconf 81' lang='lat' dir='ltr'>amplissima.</span> <span class='ocrx_word' id='word_1_212' title='bbox 1349 1639 1468 1680; x_wconf 89' lang='lat' dir='ltr'>Dice-</span> 
     </span>
     <span class='ocr_line' id='line_1_28' title="bbox 129 1698 1468 1753; baseline -0.001 -11"><span class='ocrx_word' id='word_1_213' title='bbox 129 1701 207 1742; x_wconf 90' lang='lat' dir='ltr'>bat</span> <span class='ocrx_word' id='word_1_214' title='bbox 244 1700 357 1741; x_wconf 89' lang='lat' dir='ltr'>idem</span> <span class='ocrx_word' id='word_1_215' title='bbox 395 1698 544 1752; x_wconf 85' lang='lat' dir='ltr'>Cotta,</span> <span class='ocrx_word' id='word_1_216' title='bbox 583 1698 722 1740; x_wconf 84' lang='lat' dir='ltr'>Curio.</span> <span class='ocrx_word' id='word_1_217' title='bbox 784 1698 921 1740; x_wconf 91' lang='lat' dir='ltr'>Nobis</span> <span class='ocrx_word' id='word_1_218' title='bbox 961 1713 1128 1753; x_wconf 87' lang='lat' dir='ltr'>quoque</span> <span class='ocrx_word' id='word_1_219' title='bbox 1166 1699 1268 1740; x_wconf 82' lang='lat' dir='ltr'>licet</span> <span class='ocrx_word' id='word_1_220' title='bbox 1305 1699 1350 1739; x_wconf 90' lang='lat' dir='ltr'>in</span> <span class='ocrx_word' id='word_1_221' title='bbox 1387 1698 1468 1740; x_wconf 89' lang='lat' dir='ltr'>hoc</span> 
     </span>
     <span class='ocr_line' id='line_1_29' title="bbox 131 1757 1468 1814; baseline -0.001 -14"><span class='ocrx_word' id='word_1_222' title='bbox 131 1759 317 1814; x_wconf 89' lang='lat' dir='ltr'>quodam</span> <span class='ocrx_word' id='word_1_223' title='bbox 355 1758 481 1800; x_wconf 92' lang='lat' dir='ltr'>modo</span> <span class='ocrx_word' id='word_1_224' title='bbox 520 1757 716 1812; x_wconf 76' lang='lat' dir='ltr'>gloriari3</span> <span class='ocrx_word' id='word_1_225' title='bbox 757 1772 857 1799; x_wconf 86' lang='lat' dir='ltr'>nam</span> <span class='ocrx_word' id='word_1_226' title='bbox 898 1772 976 1812; x_wconf 88' lang='lat' dir='ltr'>pro</span> <span class='ocrx_word' id='word_1_227' title='bbox 1015 1757 1297 1813; x_wconf 87' lang='lat' dir='ltr'>amplitudine</span> <span class='ocrx_word' id='word_1_228' title='bbox 1335 1757 1468 1799; x_wconf 88' lang='lat' dir='ltr'>hono-</span> 
     </span>
     <span class='ocr_line' id='line_1_30' title="bbox 130 1816 1469 1872; baseline -0.001 -12"><span class='ocrx_word' id='word_1_229' title='bbox 130 1833 243 1871; x_wconf 89' lang='lat' dir='ltr'>rum,</span> <span class='ocrx_word' id='word_1_230' title='bbox 276 1832 382 1872; x_wconf 91' lang='lat' dir='ltr'>quos</span> <span class='ocrx_word' id='word_1_231' title='bbox 415 1817 578 1858; x_wconf 90' lang='lat' dir='ltr'>cunctis</span> <span class='ocrx_word' id='word_1_232' title='bbox 612 1817 827 1872; x_wconf 80' lang='lat' dir='ltr'>suffragiis</span> <span class='ocrx_word' id='word_1_233' title='bbox 855 1817 998 1872; x_wconf 86' lang='lat' dir='ltr'>adepti</span> <span class='ocrx_word' id='word_1_234' title='bbox 1031 1832 1177 1858; x_wconf 89' lang='lat' dir='ltr'>sumus</span> <span class='ocrx_word' id='word_1_235' title='bbox 1203 1818 1353 1858; x_wconf 90' lang='lat' dir='ltr'>nostro</span> <span class='ocrx_word' id='word_1_236' title='bbox 1380 1816 1469 1871; x_wconf 91' lang='lat' dir='ltr'>qui-</span> 
     </span>
     <span class='ocr_line' id='line_1_31' title="bbox 78 1875 1467 1931; baseline -0.001 -13"><span class='ocrx_word' id='word_1_237' title='bbox 78 1889 112 1913; x_wconf 73' lang='grc'>30</span> <span class='ocrx_word' id='word_1_238' title='bbox 132 1877 226 1918; x_wconf 89' lang='lat' dir='ltr'>dem</span> <span class='ocrx_word' id='word_1_239' title='bbox 259 1891 388 1930; x_wconf 86' lang='lat' dir='ltr'>anno,</span> <span class='ocrx_word' id='word_1_240' title='bbox 427 1875 539 1930; x_wconf 87' lang='lat' dir='ltr'>quod</span> <span class='ocrx_word' id='word_1_241' title='bbox 579 1875 764 1931; x_wconf 83' lang='lat' dir='ltr'>contigit</span> <span class='ocrx_word' id='word_1_242' title='bbox 801 1890 947 1917; x_wconf 89' lang='lat' dir='ltr'>eorum</span> <span class='ocrx_word' id='word_1_243' title='bbox 984 1876 1163 1929; x_wconf 86' lang='lat' dir='ltr'>nemini,</span> <span class='ocrx_word' id='word_1_244' title='bbox 1202 1890 1308 1930; x_wconf 91' lang='lat' dir='ltr'>quos</span> <span class='ocrx_word' id='word_1_245' title='bbox 1341 1876 1467 1917; x_wconf 90' lang='lat' dir='ltr'>modo</span> 
     </span>
     <span class='ocr_line' id='line_1_32' title="bbox 129 1934 1469 1990; baseline -0.002 -12"><span class='ocrx_word' id='word_1_246' title='bbox 129 1936 366 1989; x_wconf 83' lang='lat' dir='ltr'>nominavi,</span> <span class='ocrx_word' id='word_1_247' title='bbox 398 1950 499 1976; x_wconf 90' lang='lat' dir='ltr'>sane</span> <span class='ocrx_word' id='word_1_248' title='bbox 531 1934 708 1990; x_wconf 82' lang='lat' dir='ltr'>exiguus</span> <span class='ocrx_word' id='word_1_249' title='bbox 742 1938 938 1989; x_wconf 87' lang='lat' dir='ltr'>sumptus</span> <span class='ocrx_word' id='word_1_250' title='bbox 971 1935 1205 1976; x_wconf 84' lang='lat' dir='ltr'>aedilitatis</span> <span class='ocrx_word' id='word_1_251' title='bbox 1236 1934 1331 1976; x_wconf 87' lang='lat' dir='ltr'>fuit.</span> <span class='ocrx_word' id='word_1_252' title='bbox 1392 1935 1469 1975; x_wconf 91' lang='lat' dir='ltr'>At-</span> 
     </span>
     <span class='ocr_line' id='line_1_33' title="bbox 132 1993 1468 2050; baseline -0.001 -14"><span class='ocrx_word' id='word_1_253' title='bbox 132 2010 212 2050; x_wconf 91' lang='lat' dir='ltr'>que</span> <span class='ocrx_word' id='word_1_254' title='bbox 263 1995 393 2036; x_wconf 86' lang='lat' dir='ltr'>etiam</span> <span class='ocrx_word' id='word_1_255' title='bbox 436 1995 537 2035; x_wconf 90' lang='lat' dir='ltr'>illae</span> <span class='ocrx_word' id='word_1_256' title='bbox 585 1994 803 2048; x_wconf 87' lang='lat' dir='ltr'>impensae</span> <span class='ocrx_word' id='word_1_257' title='bbox 854 1993 1071 2045; x_wconf 84' lang='lat' dir='ltr'>meliores,</span> <span class='ocrx_word' id='word_1_258' title='bbox 1113 1993 1242 2045; x_wconf 89' lang='lat' dir='ltr'>muri,</span> <span class='ocrx_word' id='word_1_259' title='bbox 1285 1994 1468 2046; x_wconf 83' lang='lat' dir='ltr'>navalia,</span> 
     </span>
     <span class='ocr_line' id='line_1_34' title="bbox 130 2052 1468 2110; baseline -0.001 -15"><span class='ocrx_word' id='word_1_260' title='bbox 130 2057 300 2110; x_wconf 88' lang='lat' dir='ltr'>portus,</span> <span class='ocrx_word' id='word_1_261' title='bbox 333 2068 535 2108; x_wconf 87' lang='lat' dir='ltr'>aquarum</span> <span class='ocrx_word' id='word_1_262' title='bbox 572 2052 722 2094; x_wconf 89' lang='lat' dir='ltr'>ductus</span> <span class='ocrx_word' id='word_1_263' title='bbox 756 2053 1000 2107; x_wconf 85' lang='lat' dir='ltr'>omniaque,</span> <span class='ocrx_word' id='word_1_264' title='bbox 1033 2067 1140 2107; x_wconf 89' lang='lat' dir='ltr'>quae</span> <span class='ocrx_word' id='word_1_265' title='bbox 1172 2053 1225 2094; x_wconf 91' lang='lat' dir='ltr'>ad</span> <span class='ocrx_word' id='word_1_266' title='bbox 1250 2068 1375 2094; x_wconf 87' lang='lat' dir='ltr'>usum</span> <span class='ocrx_word' id='word_1_267' title='bbox 1407 2053 1468 2094; x_wconf 89' lang='lat' dir='ltr'>rei</span> 
     </span>
     <span class='ocr_line' id='line_1_35' title="bbox 132 2110 1467 2168; baseline -0.001 -14"><span class='ocrx_word' id='word_1_268' title='bbox 132 2113 328 2168; x_wconf 77' lang='lat' dir='ltr'>publicae</span> <span class='ocrx_word' id='word_1_269' title='bbox 365 2112 594 2168; x_wconf 86' lang='lat' dir='ltr'>pertinent.</span> <span class='ocrx_word' id='word_1_270' title='bbox 643 2110 929 2166; x_wconf 84' lang='lat' dir='ltr'>Quamquam,</span> <span class='ocrx_word' id='word_1_271' title='bbox 962 2112 1075 2166; x_wconf 90' lang='lat' dir='ltr'>quod</span> <span class='ocrx_word' id='word_1_272' title='bbox 1117 2126 1320 2167; x_wconf 88' lang='lat' dir='ltr'>praesens</span> <span class='ocrx_word' id='word_1_273' title='bbox 1357 2114 1467 2153; x_wconf 86' lang='lat' dir='ltr'>tam-</span> 
     </span>
     <span class='ocr_line' id='line_1_36' title="bbox 79 2171 1467 2226; baseline -0.001 -13"><span class='ocrx_word' id='word_1_274' title='bbox 79 2182 112 2208; x_wconf 76' lang='grc'>35</span> <span class='ocrx_word' id='word_1_275' title='bbox 132 2187 259 2226; x_wconf 88' lang='lat' dir='ltr'>quam</span> <span class='ocrx_word' id='word_1_276' title='bbox 291 2172 335 2212; x_wconf 91' lang='lat' dir='ltr'>in</span> <span class='ocrx_word' id='word_1_277' title='bbox 367 2186 541 2214; x_wconf 87' lang='lat' dir='ltr'>manum</span> <span class='ocrx_word' id='word_1_278' title='bbox 574 2171 710 2224; x_wconf 87' lang='lat' dir='ltr'>datur,</span> <span class='ocrx_word' id='word_1_279' title='bbox 743 2171 963 2212; x_wconf 87' lang='lat' dir='ltr'>iucundius</span> <span class='ocrx_word' id='word_1_280' title='bbox 997 2173 1079 2225; x_wconf 87' lang='lat' dir='ltr'>est;</span> <span class='ocrx_word' id='word_1_281' title='bbox 1110 2173 1258 2212; x_wconf 89' lang='lat' dir='ltr'>tamen</span> <span class='ocrx_word' id='word_1_282' title='bbox 1287 2171 1392 2213; x_wconf 91' lang='lat' dir='ltr'>haec</span> <span class='ocrx_word' id='word_1_283' title='bbox 1423 2171 1467 2212; x_wconf 90' lang='lat' dir='ltr'>in</span> 
     </span>
     <span class='ocr_line' id='line_1_37' title="bbox 131 2229 1469 2286; baseline -0.001 -14"><span class='ocrx_word' id='word_1_284' title='bbox 131 2233 352 2286; x_wconf 87' lang='lat' dir='ltr'>posterum</span> <span class='ocrx_word' id='word_1_285' title='bbox 391 2230 594 2286; x_wconf 83' lang='lat' dir='ltr'>gratiora.</span> <span class='ocrx_word' id='word_1_286' title='bbox 661 2229 867 2280; x_wconf 88' lang='lat' dir='ltr'>Theatra,</span> <span class='ocrx_word' id='word_1_287' title='bbox 904 2230 1113 2285; x_wconf 88' lang='lat' dir='ltr'>porticus,</span> <span class='ocrx_word' id='word_1_288' title='bbox 1149 2245 1262 2272; x_wconf 86' lang='lat' dir='ltr'>nova</span> <span class='ocrx_word' id='word_1_289' title='bbox 1304 2230 1469 2285; x_wconf 86' lang='lat' dir='ltr'>templa</span> 
     </span>
     <span class='ocr_line' id='line_1_38' title="bbox 131 2288 1469 2345; baseline -0.001 -14"><span class='ocrx_word' id='word_1_290' title='bbox 131 2289 406 2331; x_wconf 86' lang='lat' dir='ltr'>verecundius</span> <span class='ocrx_word' id='word_1_291' title='bbox 432 2288 695 2345; x_wconf 88' lang='lat' dir='ltr'>reprehendo</span> <span class='ocrx_word' id='word_1_292' title='bbox 720 2293 896 2345; x_wconf 90' lang='lat' dir='ltr'>propter</span> <span class='ocrx_word' id='word_1_293' title='bbox 915 2288 1183 2344; x_wconf 89' lang='lat' dir='ltr'>Pompeium,</span> <span class='ocrx_word' id='word_1_294' title='bbox 1216 2289 1289 2330; x_wconf 89' lang='lat' dir='ltr'>sed</span> <span class='ocrx_word' id='word_1_295' title='bbox 1316 2289 1469 2330; x_wconf 89' lang='lat' dir='ltr'>doctis-</span> 
     </span>
    </p>
   </div>
   <div class='ocr_carea' id='block_1_3' title="bbox 1495 1412 1538 1443">
    <p class='ocr_par' dir='ltr' id='par_1_3' title="bbox 1495 1412 1538 1443">
     <span class='ocr_line' id='line_1_39' title="bbox 1495 1412 1538 1443; baseline 0 0"><span class='ocrx_word' id='word_1_296' title='bbox 1495 1412 1538 1443; x_wconf 84' lang='lat'>59</span> 
     </span>
    </p>
   </div>
   <div class='ocr_carea' id='block_1_4' title="bbox 1495 1945 1539 1975">
    <p class='ocr_par' dir='ltr' id='par_1_4' title="bbox 1495 1945 1539 1975">
     <span class='ocr_line' id='line_1_40' title="bbox 1495 1945 1539 1975; baseline 0 0"><span class='ocrx_word' id='word_1_297' title='bbox 1495 1945 1539 1975; x_wconf 87' lang='grc'>60</span> 
     </span>
    </p>
   </div>
  </div>
 </body>
</html>
