1673 2505
67 727 101 752 10

69 1020 101 1045 15

66 1314 101 1339 20

66 1608 100 1633 25

66 1901 100 1927 30

66 2195 99 2221 35

551 79 650 114 CAP.
677 84 779 115 5—7.
829 84 848 121 ξ
877 84 1022 116 13-20,
1369 84 1453 124 423

121 188 270 244 Neque
307 190 406 243 post
443 187 567 228 illum
605 187 807 229 dilectum
846 189 1018 228 senatus
1056 190 1098 227 te
1136 187 1337 241 vidimus,
1373 189 1455 229 nisi

120 247 233 289 forte
258 247 303 288 in
329 261 378 288 ea
409 249 450 287 te
478 248 621 288 castra
646 245 877 299 coniecisti,
910 259 993 299 quo
1026 245 1164 286 omnis
1197 247 1364 287 sentina
1396 247 1455 287 rei

121 306 317 360 publicae
349 305 621 346 confluxerat.
682 303 743 345 At
773 303 885 344 idem
918 302 1143 354 Salustius,
1176 304 1248 358 qui
1279 304 1321 345 in
1353 318 1454 358 pace

120 378 173 405 ne
206 366 379 405 senator
411 363 580 417 quidem
613 364 840 415 manserat,
872 365 1153 417 posteaquam
1185 376 1252 403 res
1284 362 1457 417 publica

122 423 252 464 armis
279 436 484 477 oppressa
510 423 576 462 est
596 424 638 462 et
663 421 775 462 idem
795 421 978 462 victores
999 421 1072 475 qui
1092 420 1257 462 exsules
1278 421 1457 474 reduxit,

120 481 165 522 in
185 485 379 522 senatum
399 483 498 535 post
525 481 799 534 quaesturam
826 481 891 520 est
917 480 1127 521 reductus.
1169 478 1301 528 Quem
1328 479 1457 521 hono-

120 554 211 581 rem
247 540 310 581 ita
348 539 499 595 gessit,
539 541 588 579 ut
624 538 732 579 nihil
769 538 814 579 in
852 553 900 579 eo
938 553 1023 580 non
1060 538 1210 579 venale
1247 538 1457 592 habuerit,

121 599 239 640 cuius
278 598 432 652 aliquis
472 600 640 652 emptor
677 597 816 638 fuerit.
877 596 946 639 Ita
988 597 1092 652 egit,
1135 600 1184 638 ut
1226 596 1334 638 nihil
1372 612 1457 638 non

121 672 303 712 aequum
325 671 373 698 ac
392 671 539 697 verum
560 656 738 709 duxerit,
765 656 878 710 quod
903 656 985 711 ipsi
1011 656 1150 697 facere
1177 655 1458 709 collibuisset,

120 730 256 770 neque
289 715 413 756 aliter
443 715 630 768 vexavit,
672 730 720 756 ac
752 714 915 768 debuit,
953 715 989 756 si
1022 714 1116 769 quis
1148 714 1331 769 praedae
1362 714 1457 756 loco

120 774 425 830 magistratum
446 774 689 828 accepisset.
726 773 907 815 Peracta
926 777 1156 828 quaestura
1174 775 1456 827 posteaquam

119 847 278 888 magna
315 833 499 888 pignora
531 832 591 873 eis
624 832 816 886 dederat,
854 847 949 874 cum
987 832 1140 886 quibus
1180 832 1458 873 similitudine

119 892 234 934 vitae
261 905 305 933 se
332 891 620 941 coniunxerat,
646 905 754 932 unus
779 891 866 932 iam
893 905 942 932 ex
967 891 1044 932 illo
1066 904 1196 946 grege
1215 891 1459 944 videbatur3

121 951 210 992 eius
237 950 349 992 enim
375 950 512 1005 partis
540 953 632 992 erat
653 949 879 1003 Salustius,
906 964 987 1004 quo
1014 952 1234 1004 tamquam
1259 950 1305 990 in
1329 964 1459 991 unam

121 1010 371 1064 voraginem
405 1011 550 1050 coetus
584 1009 775 1050 omnium
810 1009 1013 1050 vitiorum
1051 1010 1309 1062 excesserat3
1348 1008 1459 1063 quic-

121 1069 221 1123 quid
235 1068 559 1122 impudicorum,
579 1068 777 1121 cilonum,
797 1067 1118 1122 parricidarum,
1140 1068 1459 1123 sacrilegorum,

121 1127 363 1168 debitorum
384 1127 466 1167 fuit
487 1126 533 1167 in
557 1127 674 1180 urbe,
701 1126 955 1180 municipiis,
982 1126 1173 1179 coloniis,
1198 1125 1328 1167 Italia
1353 1128 1458 1177 tota,

121 1186 231 1228 sicut
255 1185 300 1226 in
325 1185 448 1226 fretis
476 1185 757 1226 subsederant
781 1185 966 1226 nominis
987 1185 1142 1239 perditi
1163 1200 1212 1226 ac
1229 1185 1460 1238 notissimi,

119 1245 240 1286 nulla
276 1244 320 1285 in
357 1246 480 1299 parte
518 1243 672 1285 castris
712 1243 802 1298 apti
839 1243 923 1284 nisi
960 1243 1134 1285 licentia
1173 1243 1376 1285 vitiorum
1417 1247 1459 1285 et

120 1303 353 1358 cupiditate
391 1317 532 1344 rerum
574 1317 796 1344 novarum.
857 1302 918 1343 At
960 1304 1243 1356 posteaquam
1284 1305 1459 1357 praetor

121 1366 187 1404 est
216 1361 375 1415 factus,
412 1362 604 1403 modeste
644 1376 688 1402 se
726 1361 860 1416 gessit
892 1363 935 1402 et
968 1361 1244 1402 abstinenter.
1305 1360 1458 1403 Nonne

119 1421 183 1462 ita
213 1420 479 1476 provinciam
510 1420 711 1473 vastavit,
743 1423 792 1461 ut
821 1420 931 1461 nihil
962 1434 1099 1474 neque
1130 1420 1247 1475 passi
1279 1420 1366 1461 sint
1390 1435 1459 1461 ne-

120 1494 202 1534 que
234 1479 551 1534 expectaverint
583 1479 758 1535 gravius
789 1479 834 1520 in
865 1479 980 1520 bello
1014 1478 1118 1520 socii
1148 1479 1298 1531 nostri,
1331 1493 1458 1533 quam

121 1539 284 1593 experti
305 1538 467 1579 suntin
493 1553 596 1593 pace
622 1538 702 1580 hoc
721 1537 914 1580 Africam
939 1537 1186 1579 interiorem
1210 1537 1458 1592 optinente?

119 1597 230 1639 unde
269 1600 439 1638 tantum
476 1596 546 1638 hic
586 1596 799 1650 exhausit,
842 1599 1048 1651 quantum
1084 1596 1228 1651 potuit
1266 1598 1340 1638 aut
1376 1597 1458 1638 fide

119 1656 342 1698 nominum
361 1655 485 1697 traici
507 1658 581 1697 aut
600 1655 645 1696 in
663 1670 792 1697 naves
819 1655 1032 1709 contrudi3
1058 1657 1240 1709 tantum,
1268 1655 1458 1709 inquam,

121 1715 335 1768 exhausit,
366 1718 511 1770 patres
544 1714 787 1769 conscripti,
820 1717 1026 1768 quantum
1057 1714 1205 1755 voluit.
1266 1713 1332 1756 Ne
1363 1729 1459 1756 cau-

121 1788 213 1815 sam
246 1774 420 1827 diceret,
459 1773 657 1815 sestertio
690 1773 912 1815 duodecies
945 1787 1041 1814 cum
1073 1771 1254 1815 Caesare
1285 1773 1460 1828 pacisci—

120 1835 202 1874 tur.
265 1832 427 1882 Quodsi
459 1833 679 1887 quippiam
713 1847 858 1874 eorum
890 1831 1049 1873 falsum
1088 1834 1171 1885 est,
1208 1831 1276 1873 his
1313 1832 1459 1886 palam

120 1891 288 1945 refelle,
319 1891 448 1943 unde,
481 1891 553 1946 qui
585 1891 710 1933 modo
741 1905 795 1933 ne
827 1894 1051 1946 paternam
1084 1890 1254 1945 quidem
1286 1890 1458 1932 domum

119 1950 325 1992 redimere
368 1950 578 2005 potueris,
621 1953 796 2005 repente
839 1953 1061 2004 tamquam
1103 1949 1268 1991 somnio
1306 1949 1457 1991 beatus

118 2009 268 2051 hortos
300 2009 649 2064 pretiosissimos,
681 2009 831 2050 villam
863 2009 1032 2050 Tiburti
1058 2006 1103 2050 C.
1125 2007 1333 2063 Caesaris,
1364 2009 1459 2050 reli-

120 2082 226 2122 quas
257 2068 549 2123 possessiones
587 2068 819 2122 paraveris.
880 2067 1029 2121 Neque
1066 2067 1208 2123 piguit
1246 2082 1458 2122 quaerere,

119 2141 193 2168 cur
219 2141 299 2182 ego
324 2126 371 2168 P.
398 2125 545 2168 Crassi
571 2127 743 2168 domum
770 2127 980 2179 emissem,
1013 2141 1108 2167 cum
1134 2129 1182 2167 tu
1208 2126 1297 2167 eius
1329 2126 1458 2168 villae

120 2185 316 2227 dominus
350 2185 421 2239 sis,
453 2186 572 2227 cuius
602 2186 732 2240 paulo
766 2188 864 2227 ante
895 2185 978 2226 fuit
1010 2184 1178 2226 Caesar.
1227 2184 1368 2237 Modo,
1398 2185 1459 2226 in-

119 2258 260 2298 quam,
298 2244 560 2299 patrimonio
598 2259 685 2286 non
722 2259 908 2298 comeSO,
951 2244 1024 2285 sed
1062 2243 1265 2285 devorato
1306 2244 1458 2298 quibus

119 2303 360 2344 rationibus
391 2305 566 2359 repente
597 2303 737 2345 factus
771 2318 814 2345 es
846 2306 936 2344 tam
970 2302 1148 2344 affluens
1179 2305 1221 2344 et
1246 2305 1336 2344 tam
1362 2303 1456 2344 bea·

1487 786 1526 816 18

1487 1341 1528 1371 19

1485 2078 1528 2109 20
