1663 2490
427 38 515 74 LIB.
541 39 587 75 II.
632 38 731 75 CAP.
761 43 908 75 11—13.
951 43 971 81 ἓ
996 42 1146 74 40-45.
1392 39 1440 81 7]

111 147 234 189 stitia
265 149 331 189 est
361 161 458 189 cum
488 147 584 202 ipsa
614 161 691 202 per
722 162 815 188 sese
852 145 971 202 (nam
1004 147 1130 188 aliter
1161 147 1329 189 iustitia
1359 162 1446 190 non

111 205 256 261 esset),
281 208 374 246 tum
393 208 570 261 propter
595 205 975 260 amplificationem
999 205 1174 248 honoris
1201 205 1244 247 et
1270 206 1445 262 gloriae.

110 263 193 306 Sed
212 267 260 305 ut
279 264 483 319 pecuniae
502 278 590 306 non
610 265 876 318 quaerendae
896 264 1036 306 solum
1061 265 1173 307 ratio
1199 267 1277 318 est,
1296 279 1445 306 verum

111 323 241 364 etiam
267 322 557 377 collocandae,
583 337 691 377 quae
717 326 946 378 perpetuos
973 326 1169 378 sumptus
1190 323 1446 378 suppeditet,

76 393 91 417 ⁵
110 396 187 424 nec
220 382 360 423 solum
391 382 673 435 necessarios,
705 382 779 422 sed
811 382 942 424 etiam
974 382 1194 435 liberales,
1221 382 1280 423 sic
1306 382 1446 437 gloria

110 444 154 482 et
185 440 426 495 quaerenda
463 443 506 482 et
543 440 793 482 collocanda
830 441 996 482 ratione
1033 444 1109 482 est.
1176 440 1444 495 Quamquam
1471 452 1515 483 43

109 500 327 554 praeclare
359 497 557 541 Socrates
595 499 706 541 hanc
742 499 857 540 viam
896 500 950 541 ad
987 500 1172 555 gloriam
1204 499 1445 554 proximam

109 560 153 598 et
178 558 302 612 quasi
327 558 690 612 compendiariam
716 557 884 600 dicebat
910 572 1014 611 esse,
1035 559 1072 600 si
1098 558 1192 612 quis
1218 558 1261 599 id
1287 562 1446 614 ageret,

110 619 175 670 ut,
214 617 353 671 qualis
390 617 542 658 haberi
579 617 727 671 vellet,
766 617 868 658 talis
907 620 1031 658 esset.
1093 616 1253 665 Quodsi
1286 617 1357 671 qui
1389 618 1445 658 si-

57 686 90 711 10
109 675 346 717 mulatione
391 678 434 716 et
476 676 594 716 inani
632 676 922 717 ostentatione
966 678 1009 717 et
1050 676 1151 718 ficto
1195 691 1281 718 non
1318 676 1444 718 modo

109 748 321 789 sermone,
359 735 431 776 sed
470 735 600 776 etiam
637 735 757 777 voltu
801 735 1003 776 stabilem
1043 749 1086 776 se
1125 735 1309 790 gloriam
1347 750 1446 777 con-

109 793 229 847 sequi
265 808 391 848 posse
428 796 593 848 rentur,
630 794 905 835 vehementer
943 796 1098 835 errant.
1158 793 1274 835 Vera
1306 794 1446 850 gloria

92 852 270 894 ·radices
309 853 400 908 agit
437 854 566 907 atque
604 852 734 894 etiam
766 856 1044 907 propagatur,
1076 853 1177 894 ficta
1209 854 1352 894 omnia
1383 868 1446 895 ce-

107 911 254 952 leriter
284 913 507 965 tamquam
535 911 702 952 flosculi
734 911 944 963 decidunt,
974 926 1051 953 nec
1077 911 1327 953 simulatum
1353 915 1446 967 pot-

54 979 88 1005 15
107 973 174 1011 est
205 970 432 1024 quicquam
465 984 558 1011 esse
596 970 854 1011 diuturnum.
915 969 1065 1011 Testes
1104 973 1205 1011 sunt
1240 971 1446 1025 permulti

105 1029 151 1069 in
181 1031 407 1083 utramque
438 1031 625 1083 partem,
652 1028 725 1069 sed
750 1028 976 1069 brevitatis
1002 1043 1131 1070 causa
1154 1029 1322 1070 familia
1347 1045 1445 1072 con-

105 1087 215 1129 tenti
253 1088 409 1128 erimus
447 1102 543 1129 una.
611 1086 673 1128 Ti.
706 1087 818 1128 enim
851 1086 1068 1128 Gracchus
1100 1087 1146 1128 P.
1176 1087 1207 1128 f.
1245 1091 1336 1129 tam
1374 1089 1445 1130 diu

105 1146 363 1198 laudabitur,
390 1146 489 1187 dum
515 1146 722 1188 memoria
747 1161 890 1187 rerum
915 1146 1208 1188 Romanarum
1234 1147 1446 1201 manebit3

106 1208 152 1246 at
196 1205 286 1247 eius
328 1205 407 1246 filii
450 1220 528 1247 nec
565 1205 653 1246 vivi
690 1205 985 1260 probabantur
1029 1205 1153 1246 bonis
1199 1208 1242 1246 et
1285 1207 1445 1248 mortui

53 1273 87 1299 20
105 1279 330 1306 numerum
364 1264 562 1319 optinent
586 1264 677 1305 iure
703 1278 936 1305 caesorum.
987 1263 1068 1312 Qui
1099 1264 1234 1319 igitur
1266 1265 1445 1320 adipisci
1463 1267 1516 1308 13

104 1338 250 1365 veram
288 1323 472 1378 gloriam
509 1323 644 1377 volet,
680 1323 872 1364 iustitiae
909 1322 1116 1378 fungatur
1153 1323 1319 1365 officiis.
1379 1323 1445 1366 Ea

106 1397 214 1436 quae
246 1385 406 1436 essent,
439 1382 599 1424 dictum
632 1385 698 1423 est
728 1382 773 1422 in
804 1382 915 1423 libro
948 1382 1177 1437 superiore.

223 1439 302 1483 Sed
335 1444 384 1482 ut
413 1441 630 1495 facillime,
663 1441 811 1495 quales
845 1441 989 1494 simus,
1020 1441 1131 1482 tales
1158 1455 1250 1483 esse
1276 1429 1515 1512 videa—(1⁴3)

104 1515 212 1554 mur,
243 1500 325 1541 etsi
355 1500 401 1541 in
431 1514 480 1542 eo
512 1500 606 1555 ipso
639 1500 703 1541 vis
736 1500 923 1542 maxima
954 1502 1036 1553 est,
1067 1503 1116 1541 ut
1142 1500 1274 1542 simus
1301 1501 1343 1554 ii,
1370 1501 1442 1556 qui

51 1568 85 1594 25
104 1559 255 1600 haberi
280 1559 483 1612 velimus,
508 1562 654 1601 tamen
680 1559 888 1613 quaedam
912 1561 1143 1614 praecepta
1168 1559 1307 1601 danda
1332 1564 1433 1601 sunt

103 1617 216 1659 Nam
249 1618 285 1659 si
316 1618 411 1672 quis
443 1618 498 1659 ab
530 1618 702 1659 ineunte
735 1621 876 1659 aetate
906 1617 1039 1660 habet
1064 1632 1237 1660 causam
1268 1619 1445 1660 celebri-

103 1677 209 1718 tatis
241 1680 284 1718 et
314 1677 500 1718 nominis
535 1680 609 1718 aut
641 1692 666 1718 a
696 1680 820 1732 patre
846 1680 1083 1732 acceptam,
1116 1677 1229 1731 quod
1259 1677 1352 1732 tibi,
1385 1679 1443 1720 mi

104 1734 270 1791 Cicero,
297 1739 485 1777 arbitror
517 1736 769 1792 contigisse,
796 1739 871 1777 aut
902 1736 1046 1790 aliquo
1074 1751 1176 1778 casu
1202 1739 1331 1791 atque
1356 1736 1444 1779 for-

102 1797 225 1849 tuna,
267 1795 314 1836 in
361 1795 474 1837 hunc
518 1795 630 1837 oculi
681 1795 873 1836 omnium
917 1794 1184 1837 coniciuntur
1227 1798 1356 1849 atque
1398 1795 1444 1837 in

51 1864 83 1889 30
103 1868 216 1908 eum,
249 1854 350 1908 quid
383 1856 503 1910 agat,
536 1868 661 1908 quem
689 1854 743 1895 ad
767 1854 942 1895 modum
967 1854 1098 1906 vivat,
1124 1854 1357 1908 inquiritur
1388 1858 1444 1909 et,

101 1916 325 1967 tamquam
361 1913 406 1954 in
438 1913 680 1955 clarissima
711 1913 803 1954 luce
835 1915 1045 1967 versetur,
1076 1913 1140 1954 ita
1170 1913 1338 1954 nullum
1370 1914 1441 1955 ob-

102 1986 272 2013 scurum
303 1975 449 2027 potest
478 1986 555 2014 nec
581 1972 742 2013 dictum
769 1972 858 2013 eius
891 1986 983 2013 esse
1008 1986 1085 2013 nec
1109 1971 1284 2014 factum.
1329 1971 1440 2021 Quo-
1467 1985 1510 2015 45

101 2045 196 2072 rum
235 2033 378 2072 autem
417 2031 558 2085 prima
596 2033 714 2072 aetas
752 2033 930 2086 propter
967 2030 1259 2072 humilitatem
1291 2034 1334 2072 et
1366 2032 1440 2073 ob-

102 2089 351 2131 scuritatem
381 2091 427 2131 in
457 2089 679 2132 hominum
704 2090 977 2145 ignoratione
1003 2092 1211 2144 versatur,
1237 2089 1286 2144 ii,
1312 2090 1440 2132 simul

49 2157 81 2184 ³5
102 2163 150 2190 ac
185 2148 358 2191 iuvenes
397 2163 489 2190 esse
527 2151 776 2204 coeperunt,
808 2162 967 2203 magna
1006 2152 1199 2203 spectare
1231 2151 1275 2190 et
1307 2149 1360 2191 ad
1391 2164 1441 2191 ea

100 2207 227 2249 rectis
272 2207 425 2249 studiis
477 2208 633 2249 debent
676 2208 947 2262 contendere3
995 2208 1108 2262 quod
1157 2222 1206 2249 eo
1249 2208 1439 2250 firmiore

100 2265 243 2308 animo
274 2266 450 2322 facient,
489 2267 589 2322 quia
626 2281 713 2308 non
745 2266 870 2308 modo
908 2280 996 2308 non
1025 2266 1241 2309 invidetur
1271 2267 1339 2308 illi
1371 2281 1439 2309 ae-
