1663 2490
181 89 265 129 134
497 87 620 122 CATO
646 87 800 123 MAIOR
824 87 889 122 DE
914 87 1195 123 SENECTUTE

133 183 159 265 ξ
267 195 382 238 (111-ο.
430 194 616 249 Faciam,
648 199 697 237 ut
721 197 884 250 potero,
910 195 1042 236 Laeli.
1085 194 1220 251 Saepe
1245 196 1358 237 enim
1384 196 1511 237 inter·

178 253 240 295 fui
272 254 456 308 querelis
493 254 737 308 aequalium
774 267 966 294 meorum
1002 256 1018 307 ζ
1022 268 1146 308 pares
1184 256 1328 295 autem
1369 256 1511 295 vetere

177 313 405 368 proverbio
437 327 532 354 cum
570 312 745 366 paribus
781 311 985 353 facillime
1016 311 1372 367 congregantur),
1404 327 1510 366 quae

178 369 223 413 C.
255 369 490 424 Salinator,
534 385 641 424 quae
674 369 744 425 Sp.
776 370 979 423 Albinus,
1018 370 1213 412 homines
1252 371 1511 424 consulares,

177 430 316 471 nostri
345 429 434 470 fere
460 429 671 482 aequales,
698 428 919 483 deplorare
945 429 1155 482 solebant,
1183 432 1276 470 tum
1303 429 1416 483 quod
1440 443 1510 471 vo·
1546 441 1564 467 5

177 488 419 543 luptatibus
458 490 668 541 carerent,
707 487 797 528 sine
836 487 990 541 quibus
1027 488 1162 528 vitam
1192 488 1358 529 nullam
1389 489 1512 542 puta-

178 550 291 600 rent,
328 549 421 587 tum
454 545 567 600 quod
599 548 900 599 spernerentur
932 546 985 586 ab
1017 545 1088 599 iis,
1127 561 1152 587 a
1183 546 1337 600 quibus
1369 549 1513 587 essent

178 605 262 647 coli
291 604 421 645 soliti.
465 603 547 652 Qui
572 604 678 645 mihi
704 618 790 645 non
815 604 858 644 id
882 603 1138 645 videbantur
1163 618 1373 658 accusare,
1400 604 1513 658 quod

178 666 291 705 esset
324 662 618 704 accusandum.
679 661 793 704 Nam
825 663 861 703 si
891 663 934 703 id
972 663 1098 716 culpa
1137 663 1367 704 senectutis
1406 662 1512 704 acci-

179 722 317 774 deret,
355 721 504 762 eadem
536 721 643 762 mihi
678 735 759 762 usu
790 721 985 762 venirent
1016 721 1277 775 reliquisque
1312 721 1511 762 omnibus
1533 733 1566 759 ιο

178 780 412 822 maioribus
443 782 560 832 natu,
592 794 772 833 quorum
799 794 878 834 ego
905 779 1140 821 multorum
1166 780 1349 834 cognovi
1374 794 1513 821 senec—

176 842 314 880 tutem
335 838 425 879 sine
445 838 630 892 querela,
663 838 735 892 qui
756 852 799 879 se
821 840 863 879 et
888 838 1115 879 libidinum
1140 838 1321 880 vinculis
1344 839 1513 880 laxatos

178 912 270 939 esse
312 911 399 938 non
442 897 621 938 moleste
666 896 827 938 ferrent
869 911 947 938 nec
989 912 1015 938 a
1053 897 1141 938 suis
1184 896 1513 952 despicerentur.

177 955 259 998 Sed
292 955 483 997 omnium
514 955 640 996 istius
673 955 787 996 modi
827 955 1097 1008 querelarum
1133 955 1178 997 111
1218 955 1410 997 moribus
1449 959 1515 996 est

176 1016 314 1070 culpa,
345 1028 431 1055 non
462 1014 507 1055 111
539 1016 692 1055 aetate.
752 1012 964 1055 Moderati
996 1015 1109 1055 enim
1141 1016 1184 1055 et
1215 1028 1292 1056 nec
1317 1013 1514 1056 difficiles
1536 1027 1566 1051 ιε,

176 1088 252 1115 nec
293 1072 518 1114 inhumani
569 1087 688 1113 senes
731 1072 1004 1114 tolerabilem
1056 1075 1318 1114 senectutem
1368 1075 1516 1128 agunt,

176 1132 466 1186 inportunitas
504 1134 647 1172 autem
685 1134 728 1172 et
765 1131 1057 1172 inhumanitas
1096 1132 1212 1172 omni
1250 1131 1383 1172 aetati
1429 1146 1515 1172 mo-

177 1192 288 1232 lesta
318 1193 394 1231 est.

130 1260 150 1291 8
265 1249 455 1291 anws.
503 1247 602 1301 Est,
633 1250 682 1288 ut
713 1248 835 1302 dicis,
872 1246 999 1302 Cato,
1032 1248 1106 1289 sed
1136 1248 1321 1290 fortasse
1360 1248 1515 1289 dixerit

177 1306 390 1362 quispiam
433 1306 515 1347 tibi
557 1308 735 1360 propter
778 1320 881 1361 opes
919 1309 962 1348 et
998 1306 1144 1360 copias
1177 1310 1219 1348 et
1257 1307 1513 1362 dignitatem
1534 1319 1567 1344 20

176 1370 296 1408 tuam
327 1364 667 1407 tolerabiliorem
699 1367 961 1406 senectutem
992 1365 1146 1418 videri,
1177 1365 1221 1406 id
1252 1368 1396 1407 autem
1427 1380 1515 1407 non

176 1438 302 1480 posse
335 1423 484 1465 multis
516 1424 777 1478 contingere.

264 1482 380 1525 Caro.
430 1482 511 1523 Est
541 1482 657 1523 istud
684 1481 866 1536 quidem,
892 1481 1023 1536 Laeli,
1055 1482 1229 1537 aliquid,
1256 1482 1329 1523 sed
1355 1497 1513 1537 nequa-

177 1556 306 1596 quam
337 1542 382 1583 111
407 1541 491 1582 isto
513 1543 613 1582 sunt
632 1540 786 1582 omnia.
824 1539 884 1582 Ut
898 1540 1209 1582 Themistocles
1241 1540 1379 1582 fertur
1405 1539 1515 1582 Seri-

175 1600 278 1656 phio
311 1600 480 1642 cuidam
510 1599 555 1640 in
592 1599 732 1654 iurgio
771 1599 1058 1654 respondisse,
1102 1614 1198 1641 cum
1229 1599 1302 1641 ille
1340 1599 1517 1641 dixisset
1536 1612 1568 1637 25

176 1674 262 1701 non
282 1673 379 1700 eum
399 1673 487 1711 sua,
519 1658 593 1699 sed
612 1658 779 1713 patriae
800 1658 941 1713 gloria
962 1658 1232 1712 splendorem
1250 1658 1515 1700 adsecutum:

178 1717 293 1759 ‘Nec
330 1715 575 1770 hercule’,
611 1716 769 1771 inquit,
813 1715 869 1757 ‘si
902 1730 996 1771 ego
1035 1715 1302 1772 Seriphius
1344 1731 1519 1770 essem,

177 1791 267 1818 nec
318 1778 373 1817 tu
421 1775 465 1817 si
509 1774 869 1828 Atheniensis,
913 1776 1083 1817 clarus
1121 1789 1352 1830 umquam
1391 1774 1516 1817 fuis-

178 1834 283 1876 ses?
352 1832 474 1883 Quod
519 1833 666 1875 eodem
710 1833 837 1875 modo
887 1834 938 1875 de
977 1836 1194 1876 senectute
1233 1833 1316 1875 dici
1361 1837 1516 1889 potest.

177 1892 267 1935 Nec
300 1893 413 1934 enim
445 1892 491 1933 111
523 1906 690 1934 summa
714 1892 862 1947 inopia
886 1892 992 1933 levis
1019 1906 1111 1934 esse
1144 1895 1339 1934 senectus
1372 1895 1517 1947 potest
1537 1905 1568 1930 ω

178 1966 230 1993 116
268 1951 453 2006 sapienti
491 1951 660 2004 quidem
710 1965 787 1993 nec
830 1951 1052 2006 insipienti
1095 1951 1227 1992 etiam
1266 1951 1311 1992 in
1350 1965 1518 1993 summa

131 2027 152 2059 9
178 2009 302 2064 copia
333 2024 418 2051 non
451 2010 608 2064 gravis.
670 2009 912 2064 Aptissima
943 2009 1116 2051 omnino
1143 2014 1261 2063 sunt,
1301 2008 1443 2065 Scipio
1476 2013 1520 2052 et

177 2068 317 2122 Laeli,
355 2083 476 2110 arma
513 2068 744 2110 senectutis
783 2071 897 2109 artes
936 2069 1349 2123 exercitationesque
1388 2068 1519 2110 virtu-

178 2130 283 2180 tum,
301 2141 429 2192 ‘quae'
454 2126 498 2167 in
529 2126 646 2168 omni
679 2129 820 2168 aetate
846 2127 998 2180 cultae,
1029 2141 1126 2168 cum
1152 2127 1223 2168 diu
1249 2128 1518 2181 multumque

178 2185 347 2239 vixeris,
374 2200 455 2226 mn
459 2185 577 2227 1ficos
598 2184 790 2227 ecferunt
808 2185 986 2238 fructus,
1011 2199 1097 2226 non
1117 2186 1258 2227 solum
1279 2186 1379 2240 quia
1399 2201 1518 2227 num·
1539 2197 1572 2223 ³⁵

179 2258 307 2298 quam
337 2218 540 2284 'deserunt
589 2258 641 2285 ne
679 2247 870 2286 extremo
915 2218 1085 2298 quidem
1128 2247 1322 2299 tempore
1362 2244 1518 2286 aetatis

179 2301 459 2358 (quamquam
496 2302 538 2342 id
578 2302 747 2357 quidem
786 2302 1016 2344 maximum
1051 2301 1156 2358 est),
1199 2317 1346 2345 verum
1387 2303 1519 2344 etiam
