1673 2505
268 121 352 162 386
780 121 1079 156 FRAGMENTA

269 228 351 269 Nec
384 228 470 282 tibi,
502 229 538 269 si
568 229 724 280 superis
754 242 844 269 eum
875 228 945 269 Sol
975 232 1032 269 est
1053 229 1268 282 proximus
1299 231 1397 284 oris,

271 286 445 328 Obscura
478 287 615 327 raclios
640 287 894 338 praeeunteis
925 287 1009 328 luce
1038 288 1202 337 videbis,

268 345 333 386 Sit
355 347 491 397 pudor
521 348 594 385 aut
617 345 820 398 pluviam,
851 348 925 386 aut
952 349 1086 386 ventos
1115 347 1243 387 vitare
1270 346 1441 398 futuros.

270 404 430 456 Quoque
460 404 556 444 adeo
587 416 753 456 suryens
775 404 914 456 primo
945 404 1065 445 iubar
1095 418 1262 457 aequore
1292 407 1467 448 condunt
1534 418 1599 448 140

268 463 450 504 ,Maiores
482 462 676 514 tenebrae,
708 463 840 502 maior
869 463 1137 514 supereminet
1166 463 1301 505 imber.

268 522 345 563 Sin
378 521 486 561 tenui
517 521 668 561 lateant
696 521 807 561 raclii
837 521 1023 574 caliyine,
1054 522 1188 573 qualis

268 581 346 621 Est
377 583 531 620 tenerae
558 580 682 630 facies
712 579 894 632 nebulae,
926 582 963 620 et
989 580 1200 621 subtilibus
1230 581 1401 632 umbris,

276 639 477 679 Venturus
507 638 665 690 rapiclis
696 637 767 678 Sol
798 638 1072 679 obscurabitur
1103 640 1266 680 austris.

269 697 347 738 Sed
376 710 498 748 neque
528 698 565 737 si
595 698 730 749 cinyat
758 697 874 749 niyro
905 697 1110 749 splendore
1141 698 1291 738 corolla
1535 710 1600 741 145

269 756 382 797 Suda
414 756 540 805 (labit,
572 769 724 807 quoque
753 758 811 796 est
840 754 948 796 Solis
978 756 1148 796 vicinior
1177 760 1287 797 astro

271 818 356 866 (guo
388 814 560 867 nissi-ior,
589 815 723 865 peior:
756 814 872 854 binae
902 815 1138 855 saevissima
1167 816 1295 867 siyna.

269 873 414 925 Aspice
446 887 543 913 num
576 876 705 913 terras
735 886 824 913 eum
856 871 926 913 Sol
950 873 1068 925 petit,
1100 877 1173 913 aut
1195 874 1300 925 petit
1328 875 1460 915 undas

267 932 479 973 Erubeant
508 931 629 972 nubes
660 931 814 984 (dixere
845 931 1013 972 Parelia
1045 930 1189 983 Graii)

267 991 309 1031 Α
342 990 494 1039 Borea,
526 993 599 1030 aut
628 990 799 1041 Austro,
831 993 904 1030 aut
932 1004 959 1030 a
990 990 1144 1043 Borea,
1176 994 1212 1031 et
1241 991 1290 1031 ab
1321 994 1471 1045 austro,
1535 1002 1598 1035 150

268 1050 430 1103 Aspice,
462 1052 499 1090 et
527 1048 631 1089 lianc
661 1062 787 1089 secors
816 1062 898 1089 non
928 1063 1110 1100 unquam
1140 1050 1290 1102 neyliye
1320 1063 1471 1091 curam.

269 1108 456 1160 Namque
486 1108 687 1159 utrimque
715 1107 821 1158 facis
851 1108 887 1148 si
917 1108 1058 1149 nubila
1088 1121 1249 1160 suryere
1279 1122 1409 1150 cernes

268 1167 444 1208 Aemula
475 1165 691 1219 Phoebeae,
722 1166 974 1218 mediumque
1004 1167 1115 1219 apud
1144 1180 1318 1218 aequora
1350 1167 1571 1222 Phoebum,

269 1226 399 1266 Nulla
431 1239 546 1266 mora
577 1228 642 1274 est,
673 1225 801 1266 subito
833 1225 1094 1266 densissimus
1126 1226 1281 1278 ingruit
1309 1227 1445 1267 imber.

269 1284 344 1325 Sin
375 1283 534 1324 Boreas
564 1297 691 1324 unam
722 1284 821 1324 caeli
851 1284 923 1324 sub
955 1284 1134 1325 culmina
1164 1284 1307 1324 nubem
1536 1296 1598 1328 155

269 1343 461 1396 Emittat,
493 1345 620 1383 metue
650 1356 676 1382 a
707 1342 862 1391 Borea,
893 1343 959 1383 sin
988 1342 1140 1383 Auster
1171 1343 1220 1383 ab
1251 1347 1400 1384 austro.

269 1402 439 1442 Iunctus
469 1402 546 1442 erit
575 1401 751 1450 nimbus,
782 1402 819 1441 si
850 1402 1008 1441 iwictae
1039 1401 1210 1442 nubibus
1240 1401 1384 1443 undae.

271 1460 380 1511 Quin
411 1460 531 1500 etiam
564 1460 716 1500 occului
745 1459 938 1511 spectabis
970 1460 1115 1500 littoris
1146 1473 1278 1513 oram,

270 1518 386 1561 Certa
421 1518 491 1559 tibi
522 1519 675 1559 occidui
704 1518 945 1558 monstrabit
975 1519 1121 1560 littoris
1151 1532 1234 1559 ora.

270 1577 352 1618 Ast
385 1579 526 1618 autem
558 1577 676 1617 benni
708 1591 815 1630 quae
847 1577 998 1617 candet
1030 1577 1188 1617 lumine
1220 1576 1404 1627 Phatne,
1537 1589 1601 1619 100

270 1637 399 1690 Siqua
430 1637 501 1677 (lat
532 1637 573 1676 in
605 1635 760 1677 Cancro
791 1639 972 1687 spectans
1002 1636 1213 1688 aquilonia
1243 1637 1396 1688 flabra:

270 1696 328 1736 Et
353 1696 537 1748 yeminae
568 1695 677 1735 tenui
707 1694 841 1735 stellae
868 1695 1025 1747 fulyore
1055 1695 1267 1736 micantes:

272 1754 364 1796 Has
394 1768 476 1794 non
507 1754 700 1794 distantes
728 1754 920 1802 nimium,
951 1754 1171 1794 nimiumve
1193 1755 1448 1806 propinquas

270 1813 474 1865 Dispescit
502 1813 679 1865 spatium
711 1812 838 1852 cubito
868 1825 950 1852 non
982 1812 1106 1853 latius
1136 1826 1239 1853 uno:

270 1871 359 1913 Illa
388 1871 496 1913 subit
524 1870 712 1921 Borean,
743 1871 849 1912 subit
879 1870 973 1911 liaeo
1003 1871 1173 1912 vicinior
1203 1871 1414 1912 Austrum.
1537 1881 1602 1913 165

272 1931 367 1971 Has
397 1929 550 1971 Asinos
581 1931 739 1970 dicunt:
771 1929 944 1970 mediam
977 1929 1171 1982 Praesepe
1200 1933 1409 1979 vocarunt,

273 1989 387 2040 Quod
415 1989 543 2030 subito
576 1989 752 2041 liquidas
782 2001 896 2040 saepe
927 1989 1123 2029 evanescit
1154 1989 1196 2029 in
1228 2002 1369 2038 auras,

272 2046 374 2088 (Jum
406 2048 504 2088 caeli
534 2048 658 2088 nituit
683 2047 915 2100 yenitabilis
946 2060 1052 2087 aura
1082 2047 1225 2096 sereni,

274 2105 527 2159 Coniunyens
554 2107 732 2159 yeminos
762 2105 961 2146 subtracto
993 2106 1120 2146 sidere
1149 2106 1311 2147 asellos:

274 2165 446 2206 Postilla
481 2166 676 2206 undosam
702 2165 853 2217 poteris
883 2167 1056 2216 spectare
1080 2165 1311 2216 procellam.
1538 2174 1604 2205 170

339 2303 409 2385 Οξ7
445 2307 508 2385 1760
544 2303 659 2337 Prisc.
694 2302 796 2336 XVI
823 2306 858 2337 ,9,
888 2305 933 2337 16
958 2313 997 2346 p.
1030 2305 1111 2338 105.
1144 2306 1166 2338 9
1198 2307 1229 2337 et
1263 2302 1415 2336 XVIII
1443 2305 1501 2337 21,
1532 2305 1604 2338 172

271 2362 306 2395 p,
333 2371 367 2385 m(
413 2378 419 2384 .
476 2377 480 2385 .
