1673 2505
73 1610 113 1639 10

76 2212 108 2241 11

143 83 228 123 216
710 81 922 116 TIMAEUS

142 204 188 231 re
221 189 370 231 stabili
396 191 438 230 et
464 189 711 230 inmutabili
733 189 925 243 disputat
946 189 1097 242 oratio,
1123 190 1226 231 talis
1248 190 1316 244 sit,
1349 190 1489 244 qualis

141 248 230 301 illa,
264 262 372 302 quae
402 262 540 302 neque
572 247 775 302 redargui
799 261 937 301 neque
964 248 1157 290 convinci
1182 251 1339 303 potest.
1380 247 1490 290 Cum

143 310 288 348 autem
320 307 517 362 ingressa
548 308 614 347 est
646 306 818 347 imitata
850 309 893 347 et
925 305 1068 348 efficta
1102 307 1349 360 simulacra,
1381 307 1488 348 bene

145 365 216 421 agi
236 368 380 419 putat,
413 365 449 406 si
470 364 797 405 similitudinem
817 364 908 405 veri
934 368 1232 419 consequatur.
1271 365 1488 414 Quantum

144 425 257 465 enim
291 424 343 465 ad
374 423 429 476 id,
462 423 576 476 quod
607 425 750 463 ortum
783 425 860 477 est,
893 423 1127 465 aeternitas
1156 424 1285 476 valet,
1317 427 1488 466 tantum
1526 437 1542 461 5

144 483 197 524 ad
243 482 369 523 fidem
412 482 586 522 veritas.
649 479 857 529 Quocirca
896 481 931 522 si
968 481 1082 523 forte
1121 482 1171 523 de
1210 482 1386 524 deorum
1416 497 1489 525 na-

143 544 242 583 tura
274 542 456 594 ortuque
489 539 638 581 mundi
669 539 926 581 disserentes
965 540 1105 581 minus
1144 540 1205 595 id,
1244 541 1357 595 quod
1395 556 1488 583 ave-

143 614 238 641 mus
265 599 422 651 animo,
454 612 774 652 consequemur,
800 602 848 639 ut
873 601 967 640 tota
995 599 1177 640 dilucide
1204 601 1246 640 et
1271 600 1398 654 plane
1423 614 1489 641 ex-

143 660 297 700 ornata
318 658 456 699 oratio
484 657 567 698 sibi
593 659 762 699 constet
788 660 831 698 et
857 671 907 698 ex
934 657 1050 699 omni
1075 660 1199 712 parte
1225 672 1368 699 secum
1394 658 1490 713 ipsa

142 717 397 769 consentiat,
419 716 524 757 haut
545 730 645 757 sane
667 715 748 757 erit
769 716 937 769 mirum,
957 716 1234 770 contentique
1255 730 1347 758 esse
1368 716 1488 758 debe·
1511 730 1542 754 10

141 775 257 828 bitis,
290 776 327 816 si
357 774 603 829 probabilia
630 774 835 816 dicentur.
878 775 1077 829 Aequum
1104 779 1170 816 est
1199 775 1311 816 enim
1343 776 1489 816 memi-

141 835 256 875 nisse
277 836 320 875 et
341 847 419 883 me,
441 834 513 887 qui
534 833 754 886 disseram,
774 833 993 875 hominem
1014 848 1105 874 esse
1127 836 1170 874 et
1189 848 1278 887 vos,
1299 834 1372 888 qui
1385 834 1489 875 iudi-

142 893 259 945 cetis,
285 895 344 945 ut,
368 892 404 933 si
424 892 670 946 probabilia
690 892 894 946 dicentur,
913 907 967 933 ne
989 892 1089 947 quid
1109 893 1227 934 ultra
1245 893 1488 946 requiratis.

231 950 497 1000 Quaeramus
530 951 665 1006 igitur
691 965 876 1004 causam,
906 965 1015 1005 quae
1040 951 1248 1006 inpulerit
1274 965 1383 1005 eum,
1416 951 1489 1006 qui

140 1010 246 1052 haec
273 1009 545 1051 machinatus
573 1010 642 1062 sit,
668 1012 716 1050 ut
743 1010 954 1065 originem
980 1024 1123 1051 rerum
1150 1012 1193 1051 et
1219 1010 1488 1051 molitionem
1510 1022 1542 1047 15

141 1083 301 1111 novam
334 1071 571 1123 quaereret.
615 1068 840 1110 Probitate
866 1068 1066 1110 videlicet
1091 1069 1362 1123 praestabat3
1393 1083 1489 1124 pro-

140 1129 221 1170 bus
254 1130 400 1169 autem
433 1127 598 1168 invidet
634 1127 813 1181 nemini,
855 1127 1002 1181 itaque
1041 1128 1186 1169 omnia
1225 1127 1290 1168 sui
1329 1128 1489 1169 similia

141 1186 374 1242 generavit.
419 1185 537 1228 Haec
561 1186 764 1227 nimirum
793 1186 995 1241 gignendi
1023 1186 1169 1226 mundi
1196 1200 1325 1228 causa
1344 1186 1486 1227 iustis-

141 1246 262 1287 sima.
328 1243 443 1286 Nam
487 1259 583 1286 cum
628 1244 925 1286 constituisset
969 1244 1071 1285 deus
1116 1245 1241 1286 bonis
1286 1245 1486 1286 omnibus

142 1304 312 1358 explere
345 1303 562 1355 mundum,
595 1303 699 1344 mali
728 1303 838 1344 nihil
872 1302 1124 1356 admiscere,
1160 1303 1300 1357 quoad
1331 1306 1486 1345 natura
1507 1316 1540 1339 20

141 1365 373 1418 pateretur,
406 1362 607 1416 quicquid
639 1365 743 1413 erat,
776 1361 890 1415 quod
921 1362 964 1402 in
998 1362 1196 1403 cernendi
1223 1376 1395 1403 sensum
1422 1377 1487 1404 ca-

141 1422 277 1474 deret,
308 1421 352 1461 id
385 1420 468 1461 sibi
500 1420 742 1474 adsumpsit
773 1435 859 1461 non
891 1420 1175 1474 tranquillum
1206 1423 1250 1461 et
1282 1420 1488 1475 quietum,

141 1480 214 1522 sed
246 1479 512 1521 inmoderate
545 1479 760 1534 agitatum
793 1482 836 1520 et
866 1479 1054 1531 fluitans,
1088 1479 1215 1534 idque
1249 1493 1298 1521 ex
1330 1480 1487 1521 inordi-

139 1541 243 1580 nato
287 1538 332 1579 in
376 1537 568 1579 ordinem
610 1537 805 1592 adduxit3
854 1537 936 1579 hoc
980 1538 1092 1579 enim
1136 1538 1355 1580 iudicabat
1393 1552 1485 1580 esse

140 1596 446 1652 praestantius.
506 1596 591 1638 Fas
630 1599 773 1637 autem
810 1611 887 1638 nec
932 1598 998 1637 est
1034 1611 1112 1638 nec
1155 1611 1360 1651 umquam
1402 1597 1540 1638 fuit25

141 1656 369 1711 quicquam
400 1655 483 1696 nisi
514 1654 849 1709 pulcherrimum
886 1655 1026 1697 facere
1064 1656 1120 1709 ei,
1165 1656 1238 1710 qui
1270 1658 1383 1697 esset
1415 1670 1485 1711 op-

140 1718 297 1756 tumus.
332 1713 441 1756 Cum
460 1714 674 1755 rationem
694 1714 828 1769 igitur
852 1713 1091 1768 habuisset,
1116 1714 1357 1769 reperiebat
1376 1714 1485 1756 nihil

140 1788 233 1815 esse
265 1788 425 1825 eorum,
458 1787 566 1827 quae
597 1774 754 1814 natura
780 1776 1066 1826 cernerentur,
1097 1773 1399 1828 inintellegens
1426 1773 1485 1814 in-

138 1833 373 1888 tellegente
403 1832 450 1873 in
477 1834 572 1873 toto
601 1845 754 1887 genere
781 1833 1083 1886 praestantius.
1129 1831 1337 1880 Quocirca
1361 1832 1485 1873 intel-

139 1892 374 1947 legentiam
405 1890 450 1931 in
482 1890 644 1943 animo,
677 1890 867 1932 animum
893 1890 1069 1932 inclusit
1095 1890 1139 1931 in
1171 1905 1359 1945 corpore.
1416 1889 1485 1932 Sic
1504 1902 1538 1927 30

137 1953 257 1992 ratus
285 1953 350 1991 est
371 1963 478 2004 opus
499 1949 607 1990 illud
627 1949 824 1990 effectum
845 1963 936 1990 esse
956 1949 1304 2004 pulcherrimum.
1347 1948 1484 1997 Quam

138 2010 193 2051 ob
227 2023 399 2050 causam
431 2022 518 2050 non
550 2012 615 2049 est
648 2007 933 2049 cunctandum
965 2008 1170 2063 profiteri,
1203 2008 1240 2049 si
1264 2008 1391 2049 modo
1423 2008 1484 2049 in-

136 2067 344 2123 vestigari
360 2067 522 2121 aliquid
537 2066 782 2109 coniectura
796 2069 952 2121 potest,
972 2066 1084 2108 hunc
1101 2066 1306 2107 mundum
1322 2066 1483 2108 animal

138 2141 242 2177 esse,
263 2126 388 2180 idque
402 2126 659 2181 intellegens
676 2129 718 2167 et
736 2126 878 2167 divina
900 2125 1169 2180 providentia
1190 2125 1483 2166 constitutum.

227 2184 321 2226 Hoc
346 2185 501 2239 posito,
528 2184 640 2239 quod
669 2184 872 2238 sequitur,
901 2183 1130 2225 videndum
1158 2187 1235 2237 est,
1262 2184 1483 2225 cuiusnam
1503 2195 1537 2220 35

138 2243 421 2286 animantium
443 2243 546 2284 deus
565 2243 608 2284 in
624 2243 823 2298 fingendo
845 2242 1002 2284 mundo
1024 2242 1350 2284 similitudinem
1370 2257 1484 2284 secu-

138 2305 207 2344 tus
229 2303 297 2344 sit.
330 2301 502 2342 Nullius
523 2302 715 2357 profecto
736 2302 778 2342 id
795 2301 977 2355 quidem,
998 2316 1106 2356 quae
1127 2304 1227 2343 sunt
1240 2301 1364 2343 nobis
1379 2303 1484 2343 nota
