1663 2490
130 363 172 393 78

127 1008 168 1038 79

125 1478 169 1510 80

124 1949 165 1980 81

203 68 285 108 188
603 68 805 103 LAELIUS
831 70 895 103 DE
921 69 1137 105 AMICITIA

199 178 376 230 propter
408 176 716 218 dissensionem
748 178 903 230 autem,
936 179 1043 230 quae
1076 180 1169 218 erat
1199 177 1244 218 in
1275 192 1321 219 re
1355 178 1539 233 publica,

200 234 411 276 alienatus
444 238 511 276 est
542 250 567 276 a
599 236 766 290 collega
794 237 943 276 nostro
970 234 1165 290 Mete1103
1195 239 1425 290 utrumque
1451 237 1541 292 egit

199 293 408 348 graviter,
453 294 710 335 auctoritate
743 295 786 333 et
818 293 1052 335 offensione
1090 294 1221 335 animi
1257 309 1343 337 non
1377 296 1540 337 acerba.

200 350 337 399 Quam
369 352 423 393 ob
456 367 547 393 rem
578 354 766 407 primum
800 352 939 393 danda
969 366 1100 406 opera
1132 356 1209 406 est,
1239 368 1292 394 ne
1326 369 1410 408 qua
1439 354 1538 395 ami-

199 424 345 452 corum
378 411 555 452 discidia
585 411 710 464 fiant3
742 410 809 451 sin
841 411 928 452 tale
961 411 1124 465 aliquid
1156 413 1363 462 evenerit,
1394 415 1443 453 ut
1475 427 1540 454 ex·
1578 424 1592 450 ε

199 470 359 511 tinctae
405 469 550 523 potius
596 469 810 511 amicitiae
855 484 982 523 quam
1027 484 1258 524 oppressae
1301 471 1540 512 videantur.

199 526 444 569 Cavendum
476 541 596 582 vero,
639 542 692 569 ne
731 528 862 569 etiam
903 528 946 568 in
979 542 1133 583 graves
1165 529 1412 571 inimicitias
1446 545 1540 572 con-

198 589 371 627 vertant
402 601 446 627 se
480 586 711 640 amicitiae3
744 601 793 628 ex
821 586 974 641 quibus
1000 587 1154 642 iurgia,
1179 588 1419 643 maledicta,
1446 603 1541 630 con-

198 645 401 686 tumeliae
434 645 683 700 gignuntur.
733 644 849 694 Quae
881 649 1026 687 tamen
1059 647 1096 686 si
1127 646 1376 688 tolerabiles
1404 651 1540 701 erunt,

196 703 395 745 ferendae
422 708 539 758 sunt,
578 707 621 745 et
652 704 721 746 hic
758 705 894 745 honos
933 705 1070 746 veteri
1108 705 1322 747 amicitiae
1354 706 1541 747 tribuen—
1562 719 1594 743 ιο

197 762 287 816 dus,
319 765 367 803 ut
392 762 429 803 is
461 763 505 804 in
537 763 664 817 culpa
695 763 771 817 sit,
803 763 875 817 qui
906 763 1056 816 faciat,
1098 778 1202 817 non,
1240 764 1312 819 qui
1349 765 1541 819 patiatur

197 821 409 862 iniuriam.

286 879 469 922 Omnino
503 881 695 922 omnium
726 880 881 922 horum
913 881 1117 922 vitiorum
1149 884 1278 935 atque
1309 881 1540 924 incommo—

197 939 348 980 dorum
380 954 466 981 una
496 939 638 981 cautio
672 942 738 981 est
765 942 894 994 atque
920 954 1006 981 una
1030 940 1234 995 provisio,
1265 942 1314 981 ut
1338 955 1392 982 ne
1411 941 1540 982 nimis

197 998 282 1039 cito
315 998 494 1054 diligere
525 998 734 1053 incipiant
765 1014 872 1040 neve
904 1013 990 1039 non
1023 999 1187 1054 dignos.
1237 998 1371 1054 Digni
1396 1002 1540 1041 autem
1562 1011 1593 1036 1⁵
1618 1031 1619 1037 ,
1659 1040 1660 1043 ,

198 1060 298 1098 sunt
336 1057 544 1112 amicitia,
589 1058 744 1112 quibus
781 1058 825 1098 in
856 1058 962 1112 ipsis
994 1057 1107 1098 inest
1138 1072 1287 1112 causa,
1330 1072 1404 1100 cur
1449 1058 1540 1099 dili·

198 1119 366 1171 gantur.
428 1116 592 1157 Rarum
625 1131 773 1172 genus.
832 1116 891 1157 Et
929 1116 1099 1171 quidem
1138 1117 1283 1158 omnia
1319 1118 1541 1172 praeclara

198 1189 305 1225 rara,
336 1189 413 1217 nec
446 1175 674 1229 quicquam
707 1175 922 1217 difficilius
956 1190 1085 1229 quam
1111 1175 1310 1230 reperire,
1343 1176 1455 1229 quod
1483 1176 1541 1217 sit

197 1233 313 1274 omni
346 1248 396 1274 ex
427 1237 551 1288 parte
582 1235 627 1275 in
658 1248 735 1275 suo
768 1248 922 1289 genere
951 1234 1200 1288 perfectum.
1245 1233 1325 1275 Sed
1346 1235 1540 1288 plerique
1655 1283 1657 1287 ,

196 1307 332 1346 neque
363 1292 409 1334 in
440 1293 567 1334 rebus
593 1293 793 1334 humanis
821 1293 1048 1347 quicquam
1075 1293 1235 1334 bonum
1261 1296 1431 1346 norunt,
1456 1293 1538 1334 nisi
1560 1306 1592 1330 20

198 1351 310 1405 quod
341 1350 610 1393 fructuosum
643 1352 712 1406 sit,
744 1355 787 1393 et
814 1352 973 1393 amicos
1006 1354 1229 1405 tamquam
1254 1351 1437 1406 pecudes
1467 1366 1539 1393 eos
1654 1366 1655 1373 ¹

196 1410 472 1464 potissimum
505 1410 710 1465 diligunt,
743 1425 791 1452 ex
819 1410 973 1464 quibus
1007 1413 1182 1464 sperant
1215 1425 1259 1451 se
1292 1425 1540 1452 maxumum

196 1468 384 1510 fructum
410 1483 502 1510 esse
523 1472 736 1523 capturos.
786 1468 854 1510 Ita
874 1469 1163 1524 pulcherrima
1182 1468 1260 1510 illa
1279 1472 1322 1511 et
1342 1484 1539 1511 maxume

195 1528 385 1569 naturali
417 1530 565 1569 carent
597 1527 787 1569 amicitia
818 1543 894 1583 per
924 1542 968 1569 se
995 1531 1038 1569 et
1063 1530 1241 1583 propter
1272 1542 1317 1569 se
1350 1528 1539 1583 expetita

195 1600 272 1628 nec
315 1586 399 1641 ipsi
444 1586 527 1627 sibi
571 1588 766 1641 exemplo
811 1590 927 1641 sunt,
970 1587 1076 1629 haec
1124 1587 1189 1628 vis
1235 1587 1449 1629 amicitiae
1496 1591 1538 1628 et
1559 1600 1591 1626 25
1650 1604 1652 1619 >

197 1645 337 1699 qualis
370 1648 413 1686 et
451 1648 613 1699 quanta
657 1646 725 1688 sit.
785 1645 883 1700 Ipse
928 1646 1041 1687 enim
1083 1660 1127 1687 se
1166 1646 1345 1700 quisque
1383 1646 1539 1701 diligit,
1630 1652 1650 1657 ’

195 1718 281 1746 11011
311 1707 360 1746 ut
392 1704 581 1758 aliquam
613 1720 638 1746 a
671 1719 715 1746 se
753 1705 844 1759 ipse
882 1704 1121 1746 mercedem
1162 1705 1307 1760 exigat
1344 1705 1538 1747 caritatis

196 1778 315 1817 suae,
353 1763 426 1804 sed
460 1763 572 1817 quod
604 1778 681 1817 per
713 1778 757 1804 se
790 1764 873 1804 sibi
906 1764 1086 1817 quisque
1118 1778 1241 1805 carus
1280 1766 1355 1806 est.
1417 1762 1537 1811 Quod

196 1822 278 1863 nisi
310 1822 423 1863 idem
446 1822 491 1862 in
513 1822 748 1864 amicitiam
768 1823 1065 1877 transferetur,
1091 1837 1215 1863 verus
1237 1823 1397 1864 amicus
1418 1837 1536 1863 num·
1637 1861 1639 1864 Α
1658 1874 1660 1883 Ι

196 1895 325 1934 quam
357 1881 614 1935 reperietur3
651 1884 718 1922 est
749 1882 862 1922 enim
895 1881 950 1935 is,
989 1881 1059 1935 qui
1088 1884 1153 1922 est
1179 1885 1399 1935 tamquam
1426 1882 1537 1923 alter
1557 1894 1591 1920 so

196 1939 319 1980 idem.
370 1939 530 1988 Quodsi
557 1940 639 1981 hoc
665 1943 847 1994 apparet
875 1940 919 1981 in
951 1940 1114 1993 bestiis,
1144 1940 1402 1994 volucribus,
1433 1954 1538 1981 nan—
1629 1941 1633 1945 ’

196 1998 325 2052 tibus,
358 1999 617 2054 agrestibus,
649 1999 874 2053 cicuribus,
905 1999 1026 2053 feris,
1058 1999 1245 2053 primum
1273 2001 1322 2040 ut
1348 2013 1392 2040 se
1418 1999 1537 2053 ipsae

196 2057 380 2112 diligant
410 2057 470 2112 (id
492 2058 604 2099 enim
630 2059 793 2112 pariter
813 2073 907 2100 cum
930 2057 1045 2099 omni
1072 2058 1289 2098 animante
1314 2056 1538 2111 nascitur),

195 2116 344 2157 deinde
376 2119 424 2157 ut
456 2117 680 2170 requirant
718 2119 847 2171 atque
885 2117 1109 2171 adpetant,
1154 2117 1207 2157 ad
1246 2130 1352 2170 quas
1385 2131 1430 2158 se
1468 2116 1537 2158 ad·
1641 2157 1643 2170 J

194 2174 355 2229 plicent
387 2175 576 2216 eiusdem
610 2176 779 2231 generis
813 2176 1057 2228 animantis,
1089 2175 1216 2229 idque
1247 2175 1413 2217 faciunt
1441 2189 1537 2217 cum
1556 2186 1589 2212 3⁶

194 2233 402 2275 desiderio
436 2236 479 2274 et
511 2248 606 2274 cum
640 2235 824 2288 quadam
851 2233 1131 2275 similitudine
1159 2235 1318 2275 amoris
1347 2234 1537 2289 humani,

194 2296 354 2346 quanto
387 2292 430 2333 id
463 2293 602 2348 magis
634 2293 680 2334 in
710 2293 883 2335 homine
908 2293 959 2334 fit
989 2294 1162 2334 natura!
1197 2293 1270 2347 qui
1302 2295 1345 2334 et
1374 2307 1418 2335 se
1443 2293 1537 2349 ipse
