1663 2490
384 45 472 80 [AB.
500 45 523 81 1.
575 44 676 80 CAP.
703 48 853 80 35—37.
905 48 924 86 ξ
952 48 1147 79 127—133.
1380 44 1437 84 45

97 153 476 196 exercitationibus
508 153 712 207 corporis.
775 151 1030 192 Adhibenda
1067 153 1289 206 praeterea
1320 165 1437 192 mun-

99 213 204 254 ditia
241 215 307 253 est
344 226 430 254 non
468 211 616 252 odiosa
653 225 790 265 neque
831 209 1042 264 exquisita
1080 210 1226 263 nimis,
1267 212 1437 250 tantum

51 271 54 274 ⁴
99 285 207 325 quae
252 270 393 325 fugiat
437 278 652 325 agrestem
698 272 740 310 et
783 268 1062 310 inhumanam
1106 268 1437 324 neglegentiam.

98 329 260 371 Eadem
298 329 409 370 ratio
448 332 514 370 est
551 328 748 369 habenda
784 327 988 381 vestitus,
1025 327 1068 368 in
1107 341 1209 380 quo,
1247 326 1358 368 sicut
1394 326 1439 367 in

62 400 79 425 ⁵
99 388 315 444 plerisque
346 387 492 441 rebus,
530 387 802 428 mediocritas
839 386 1002 441 optima
1034 389 1110 427 est.
1173 384 1420 427 Cavendum
1444 395 1507 425 131

99 450 243 489 autem
286 449 369 499 est,
412 460 465 487 ne
507 449 582 486 aut
624 445 902 486 tarditatibus
947 449 1119 486 utamur
1158 445 1204 486 in
1240 444 1439 499 ingressu

99 505 383 558 mollioribus,
414 507 463 546 ut
494 518 748 558 pomparum
780 503 953 559 ferculis
985 503 1148 545 similes
1181 517 1273 544 esse
1301 502 1439 544 videa-

100 578 206 617 mur,
238 566 313 605 aut
343 563 387 605 in
418 562 770 604 festinationibus
803 559 1084 617 Suscipiamus
1116 562 1271 603 nimias
1298 561 1440 603 celeri-

99 626 229 674 tates,
280 637 387 676 quae
432 637 528 663 cum
571 622 700 674 fiunt,
743 621 958 662 anhelitus
1003 624 1247 675 moventur,
1296 620 1440 661 vultus

48 694 81 718 ιο
101 685 342 734 mutantur,
387 695 462 723 ora
505 683 778 734 torquentur3
823 694 872 720 ex
918 680 1070 734 quibus
1116 693 1274 735 magna
1311 679 1441 734 signi-

99 740 243 783 ficatio
276 740 326 781 fit
357 754 444 781 non
476 740 624 781 adesse
664 739 965 781 constantiam.
1028 737 1110 780 Sed
1142 738 1278 780 multo
1312 739 1442 779 etiam

100 800 240 854 magis
279 798 587 841 elaborandum
633 801 715 851 est,
759 812 811 839 ne
856 797 987 839 animi
1032 801 1174 839 motus
1219 812 1244 839 a
1287 800 1443 838 natura

100 858 319 912 recedant,
345 858 458 912 quod
484 871 771 911 assequemur,
798 856 834 897 si
860 856 1116 911 cavebimus,
1142 871 1194 897 ne
1215 857 1258 897 in
1278 858 1443 910 pertur-

100 917 298 958 bationes
324 920 452 970 atque
479 916 817 957 exanimationes
843 915 1092 963 incidamus,
1121 918 1164 956 et
1191 915 1226 956 si
1253 917 1443 956 attentos

50 987 82 1012 1⁵
103 976 269 1017 animos
302 975 354 1016 ad
387 975 549 1016 decoris
583 974 951 1016 conservationem
977 974 1231 1015 tenebimus.
1280 973 1425 1014 Motus
1448 969 1539 1014 132'

101 1038 246 1076 autem
290 1034 530 1075 animorum
575 1033 764 1088 duplices
809 1036 929 1086 sunt,
981 1033 1107 1074 alteri
1153 1032 1442 1088 cogitationis,

101 1093 229 1135 alteri
255 1093 491 1148 appetitus,
524 1092 732 1148 cogitatio
758 1092 803 1132 in
827 1105 927 1132 vero
961 1091 1219 1145 exquirendo
1247 1105 1443 1132 maxume

102 1154 317 1205 versatur,
356 1151 574 1206 appetitus
611 1150 782 1206 inpellit
821 1150 874 1191 ad
912 1150 1135 1206 agendum.
1199 1148 1444 1191 Curandum

103 1214 168 1253 est
204 1211 356 1267 igitur,
394 1215 442 1251 ut
474 1210 737 1265 cogitatione
769 1209 822 1250 ad
853 1223 920 1250 res
960 1224 1087 1263 quam
1121 1212 1320 1263 optumas
1353 1211 1444 1250 uta·

52 1281 85 1306 20
104 1284 217 1322 mur,
249 1269 490 1324 appetitum
521 1269 680 1310 rationi
715 1268 1011 1309 oboedientem
1043 1268 1337 1323 praebeamus.

191 1328 250 1370 Et
276 1328 478 1383 quoniam
504 1341 663 1382 magna
686 1327 751 1368 vis
779 1327 986 1368 orationis
1014 1330 1090 1380 est,
1117 1341 1250 1381 eaque
1276 1326 1511 1381 duplex,37

105 1388 242 1429 altera
261 1387 561 1439 contentionis,
589 1387 726 1428 altera
747 1386 968 1440 sermonis,
993 1387 1211 1427 contentio
1239 1385 1446 1440 discepta-

103 1447 294 1488 tionibus
307 1444 524 1487 trib‘uatur
537 1445 802 1498 iudiciorum,
816 1445 1078 1497 contionum,
1098 1447 1284 1497 senatus,
1305 1458 1444 1486 sermo

105 1506 149 1547 in
167 1505 350 1558 circulis,
371 1504 748 1559 disputationibus,
771 1504 1146 1559 congressionibus
1166 1503 1446 1545 familiarium

53 1578 85 1602 25
106 1568 311 1617 versetur,
344 1568 547 1618 sequatur
579 1563 710 1604 etiam
742 1563 948 1604 convivia.
999 1561 1297 1604 Contentionis
1326 1577 1445 1617 prae-

105 1626 230 1678 cepta
254 1623 476 1664 rhetorum
503 1625 615 1675 sunt,
646 1622 766 1662 nulla
792 1622 1013 1675 sermonis,
1046 1636 1306 1676 quamquam
1332 1621 1446 1662 haud

106 1682 192 1724 scio
238 1696 292 1723 an
335 1682 504 1736 possint
546 1681 650 1722 haec
693 1695 860 1734 quoque
898 1695 1002 1722 esse.
1071 1678 1153 1722 Sed
1191 1680 1445 1721 discentium

105 1741 258 1783 studiis
284 1741 559 1781 inveniuntur
585 1740 795 1794 magistri,
826 1739 925 1781 huic
951 1743 1095 1781 autem
1128 1739 1200 1794 qui
1232 1738 1445 1792 studeant,

106 1803 206 1841 sunt
236 1799 357 1852 nulli,
388 1799 617 1851 rhetorum
642 1799 770 1839 turba
795 1798 954 1839 referta
980 1798 1139 1851 omnia3
1173 1812 1444 1852 quamquam,

55 1871 88 1897 ³0
108 1873 216 1913 quae
235 1858 465 1900 verborum
485 1858 878 1911 sententiarumque
903 1859 1134 1912 praecepta
1160 1860 1271 1911 sunt,
1296 1857 1442 1898 eadem

106 1918 159 1960 ad
179 1932 417 1959 sermonem
443 1916 731 1972 pertinebunt.
781 1914 863 1957 Sed
889 1930 984 1957 cum
1011 1916 1219 1957 orationis
1244 1915 1427 1957 indicem
1450 1925 1513 1956 133

105 1991 253 2018 vocem
291 1976 544 2028 habeamus,
583 1976 625 2016 in
664 1989 767 2016 voce
805 1977 948 2016 autem
987 1974 1068 2016 duo
1107 1989 1354 2029 sequamur,
1397 1977 1446 2016 ut

105 2036 223 2077 clara
248 2036 316 2088 sit,
348 2038 396 2076 ut
421 2035 577 2084 suavis,
608 2037 837 2088 utrumque
864 2034 1036 2075 omnino
1063 2049 1088 2075 a
1112 2037 1268 2075 natura
1296 2036 1445 2088 petun-

107 2094 207 2135 dum
239 2097 321 2147 est,
352 2108 498 2135 verum
532 2094 716 2134 alterum
749 2093 995 2134 exercitatio
1029 2093 1223 2148 augebit,
1261 2093 1444 2134 alterum

55 2164 87 2190 ⁸5
107 2153 292 2195 imitatio
330 2167 476 2207 presse
512 2152 780 2206 loquentium
819 2154 861 2192 et
898 2152 1063 2192 leniter.
1123 2150 1246 2192 Nihil
1282 2151 1366 2193 fuit
1400 2151 1444 2192 in

107 2209 285 2265 Catulis,
309 2214 358 2253 ut
383 2225 455 2254 eos
482 2210 693 2265 exquisito
719 2210 873 2252 iudicio
900 2213 1074 2265 putares
1100 2211 1165 2251 uti
1188 2210 1443 2264 litterarum,

108 2284 366 2325 quamquam
386 2273 508 2312 erant
527 2269 729 2323 litterati3
754 2268 828 2311 sed
854 2271 898 2310 et
923 2269 1015 2323 alii3
1040 2269 1086 2310 hi
1112 2271 1256 2311 autem
1282 2269 1444 2324 optime
