1673 2505
234 96 320 138 284
745 93 1045 129 FRAGMENTA

292 219 375 246 non
418 204 648 246 Ptolomaeo
692 203 846 243 iubente
889 202 1155 243 commissam.
1229 201 1425 243 Notemus
1467 203 1574 242 enim

288 264 498 317 ⁴qradatim
523 263 614 315 fieri
639 263 866 314 aucmenta,
897 273 1000 312 quae
1016 263 1288 313 praeyravent
1311 260 1576 312 suspicionem

293 323 349 364 ad
365 322 584 374 populares
612 321 779 371 impetus
798 320 1074 371 pertinentem.
1119 318 1232 359 Nam
1256 319 1382 371 coepit
1398 319 1454 359 ad
1471 318 1577 360 hunc

293 382 477 422 modum:
516 378 674 431 ‘Atque
706 377 814 418 illud
853 377 983 418 etiam
1022 379 1218 418 constare
1256 376 1413 429 video',
1449 380 1496 418 ut
1530 378 1576 418 de

292 441 457 480 veritate
493 451 576 478 non
612 438 667 477 sit
702 436 1000 488 ambiyendum‚
1041 436 1077 476 si
1114 439 1261 476 constet
1289 437 1401 488 apud
1430 448 1575 477 omnes.
1613 447 1629 471 5

294 497 404 539 Dein
429 496 628 538 subdidit:
656 493 767 535 ‘cum
794 494 986 549 reginam
1014 508 1205 535 sororem
1227 493 1376 547 suam’,
1401 497 1447 534 ut
1470 497 1576 535 atro-

294 557 395 596 citas
435 554 677 607 parricidii,
727 557 763 594 et
805 553 930 594 multo
976 553 1110 594 maior
1152 553 1198 593 in
1240 553 1360 593 exitio
1402 553 1577 605 reyinac,

295 614 480 655 omnibus
520 613 648 664 fuerit
692 611 863 652 horrori.
937 611 1036 652 Post
1077 610 1173 652 haec
1220 611 1367 652 adiecit
1413 612 1578 652 eandem

295 672 453 714 caram
488 705 495 712 .
529 706 535 712 .
569 703 577 712 .

328 732 393 772 10.
425 730 582 782 Aquila
600 728 718 770 Rom.
739 731 792 770 14
817 743 860 781 p
885 731 953 770 26.
980 731 1033 769 14
1060 728 1203 770 Halm.
1249 724 1579 781 Ἀντεισαγωγή,
1600 741 1632 765 ιο

235 790 517 842 compensatio.
566 788 647 829 Est
669 791 803 828 autem
828 787 951 828 liuius
976 788 1096 837 modi,
1127 787 1197 828 ubi
1227 786 1387 838 aliquid
1415 787 1580 839 difficile

236 862 317 890 esse
347 851 385 890 et
413 847 664 889 contrarium
696 847 964 898 confitendum
996 849 1068 898 est,
1104 846 1172 886 sed
1201 848 1342 886 contra
1372 846 1581 887 inducitur

236 920 319 948 non
349 908 488 948 minus
517 906 706 958 firmum;
738 905 879 957 qualia
909 907 1005 945 sunt
1034 904 1129 945 hacc
1159 905 1206 945 de
1235 917 1324 956 regye
1349 903 1580 945 Ptolomaeo

237 967 350 1018 apud
367 965 617 1007 Ciceronem:
650 963 850 1004 Difficilis
884 962 994 1003 ratio
1027 962 1132 1003 belli
1159 962 1344 1018 gerendi,
1377 965 1422 1003 at
1452 963 1580 1017 plena

237 1024 354 1078 fidei,
398 1024 527 1078 plena
569 1022 757 1077 pietatis.
817 1021 900 1075 (Cf.
938 1022 1067 1062 Mart.
1106 1020 1204 1074 Cap.
1249 1021 1289 1062 V
1319 1024 1404 1063 524
1446 1035 1505 1063 cx.
1535 1036 1580 1075 p.
1602 1033 1633 1058 15

238 1086 334 1125 478.
367 1085 428 1125 22
458 1082 624 1135 Halm.)

331 1143 395 1182 11.
420 1141 712 1182 Fortunatian.
738 1139 799 1180 II
817 1141 877 1180 22
894 1153 937 1191 p.
964 1141 1053 1180 115.
1079 1143 1103 1179 1
1130 1139 1273 1180 Halm.
1321 1138 1464 1180 Omnis
1482 1153 1581 1191 par-

239 1201 327 1241 titio
362 1223 411 1229 ——
452 1203 527 1240 aut
562 1202 702 1240 nostra
733 1198 842 1252 (est),
881 1211 982 1250 quae
1018 1196 1329 1251 προηγουμένη
1370 1198 1582 1251 διαίρεσις

239 1260 404 1309 dicitur,
445 1261 519 1299 aut
548 1258 789 1307 adversarii,
826 1270 928 1308 quae
959 1252 1177 1308 ἀναγκαία
1210 1257 1422 1309 διαίρεσις
1451 1258 1581 1298 nomi-

238 1321 381 1370 natur,
413 1320 487 1357 aut
516 1316 759 1365 communis7
792 1328 893 1367 quae
925 1312 1051 1368 μικτή
1075 1318 1208 1367 potest
1236 1315 1333 1365 diei,
1370 1319 1416 1356 ut
1446 1314 1581 1357 Cicero
1602 1327 1634 1353 2⁰

239 1378 286 1418 de
318 1389 406 1428 reye
437 1375 730 1416 Alexandrino.

332 1436 396 1475 12.
428 1434 645 1475 Fortunat.
678 1432 738 1473 II
762 1435 824 1474 27
848 1447 890 1484 p.
922 1435 1015 1473 117.
1046 1435 1104 1473 37
1134 1432 1192 1473 H.
1253 1432 1310 1473 In
1340 1432 1583 1486 hypoplioris

239 1507 342 1546 quae
361 1493 537 1534 cavenda
555 1492 680 1533 sunt?
713 1491 777 1532 Ne
789 1491 936 1544 plenae
960 1494 997 1531 et
1020 1492 1200 1543 copiosae
1211 1495 1435 1544 ponantur.
1470 1492 1586 1544 Quod

242 1557 376 1593 tamen
401 1552 622 1603 aliquando
645 1550 823 1602 facimus
851 1573 916 1602 —‚
946 1550 983 1591 si
1014 1551 1244 1602 discrepans
1275 1551 1435 1603 aliquid
1456 1554 1582 1592 osten-

241 1612 404 1663 damus,
435 1613 482 1651 ut
511 1611 558 1651 de
587 1623 675 1662 reye
705 1609 1002 1649 Alexandrino.
1603 1621 1636 1646 ‘²³

335 1670 399 1710 13.
442 1668 588 1709 Strabo
627 1667 773 1709 XVII
804 1671 858 1708 13
887 1681 931 1720 p.
965 1670 1049 1708 ’798
1086 1666 1256 1709 Casaub.
1293 1682 1336 1720 p.
1373 1671 1490 1709 1113.
1528 1671 1585 1711 12

242 1728 371 1770 Mein.
425 1728 511 1780 Τῆς
537 1724 767 1780 Αἰγύπτου
800 1723 848 1767 δε
878 1723 955 1774 τὰς
985 1725 1234 1780 προσόδους
1267 1728 1314 1766 ἔν
1345 1741 1432 1767 τινι
1465 1724 1583 1783 λόγῳ

244 1786 446 1840 Κικέρων
485 1783 638 1839 φράζει
677 1782 822 1853 φήσας
859 1781 953 1825 κατ’
997 1781 1201 1825 ἐνιαυτὸν
1239 1786 1297 1842 τῷ
1339 1785 1416 1838 τῆς
1447 1787 1585 1826 Κλεο-

241 1843 408 1899 πάτρας
439 1842 568 1898 πατρι
601 1844 660 1897 τῷ
686 1839 867 1898 Αὐλητῆ
894 1842 1227 1897 προσφέρεσθαι
1253 1840 1399 1898 φόρον
1430 1841 1584 1885 ταλάν-

242 1919 330 1944 των
362 1918 533 1957 μυριωυ
567 1903 796 1956 δισχιλίων
828 1904 1139 1942 πεντακοσιων.
1605 1914 1640 1939 30

614 2104 717 2142 XVI.
762 2103 865 2141 PRO
899 2104 939 2142 P.
973 2102 1210 2142 VATINIO.

334 2196 368 2236 1.
409 2194 487 2236 Cic.
532 2196 587 2235 ad
623 2195 723 2245 sam.
762 2194 793 2234 I
823 2198 861 2235 9.
899 2197 964 2235 19.
1031 2192 1133 2235 Cum
1170 2194 1290 2235 illum
1328 2194 1589 2249 (Vatinium)

241 2254 507 2307 defenderem,
545 2253 635 2294 dixi
666 2267 728 2294 me
756 2252 889 2304 facere
920 2253 1132 2305 quiddam,
1169 2253 1276 2305 quod
1311 2253 1356 2293 in
1387 2253 1589 2295 Eunucho

239 2313 450 2365 parasitus
492 2312 678 2353 suaderet
720 2311 845 2352 militi
883 2310 994 2363 (Ter.
1032 2310 1143 2352 Eun.
1181 2310 1268 2352 III
1298 2314 1333 2352 1.
1372 2312 1590 2365 50-55).
