1673 2505
155 96 181 136 2
190 98 242 136 14
724 95 935 130 TlMAEUS

499 241 560 287 M.
604 238 793 286 TULLI
831 238 1162 286 CICERONIS

670 347 990 402 TIMAEUS.

251 459 358 493 Hunc
383 458 551 492 Platonis
576 456 714 491 librum
739 455 867 491 Cicero
893 458 1017 491 aetate
1040 458 1113 491 iam
1146 459 1344 501 provectus
1370 457 1501 492 Latine

156 508 215 542 est
239 505 517 551 interpretatus.
567 504 693 548 Ipsum
718 502 817 538 enim
842 503 1077 548 prooemium
1091 504 1259 539 declarat
1283 515 1367 539 eum
1387 504 1500 549 scrip-

156 554 234 587 tum
268 563 348 587 esse
381 553 468 595 post
491 550 734 592 Academica,
767 561 860 594 quae
895 549 1049 585 Caesare
1075 550 1126 586 IV
1152 561 1225 586 cos.
1252 551 1331 585 sine
1357 551 1441 586 coll.
1469 562 1499 584 a.

156 611 189 634 u.
218 604 284 635 709
312 598 484 634 confecta
509 608 589 633 esse
616 597 774 632 constat.

112 717 133 797 ἒ
246 730 388 771 Multa
419 730 520 770 sunt
565 743 590 770 a
626 728 751 770 nobis
791 730 834 769 et
870 728 916 768 in
953 728 1221 770 Academicis
1260 729 1503 783 conscripta

157 791 309 831 contra
346 788 549 843 physicos
589 789 632 828 et
669 801 796 841 saepe
834 800 924 827 cum
960 786 1007 828 P.
1038 786 1216 842 Nigidio
1255 786 1501 829 Carneadeo

156 862 276 889 more
309 850 351 888 et
383 846 510 888 modo
544 845 777 901 disputata.
838 844 940 886 Fuit
971 845 1085 887 enim
1116 845 1183 887 vir
1213 845 1287 887 ille
1312 861 1410 888 cum
1441 861 1504 888 ce-

157 907 260 948 teris
294 906 479 959 artibus,
518 919 626 959 quae
665 904 835 957 quidem
868 904 1023 959 dignae
1060 904 1197 946 libero
1235 907 1397 959 essent,
1440 919 1503 946 or-

157 968 285 1007 natus
313 964 526 1018 omnibus,
551 966 645 1004 tum
666 977 762 1005 acer
780 962 1068 1018 investigator
1087 965 1130 1004 et
1151 963 1335 1019 diligens
1356 978 1503 1005 earum
1542 980 1557 1005 5

158 1039 314 1078 rerum,
347 1037 456 1078 quae
489 1037 514 1064 a
544 1024 701 1064 natura
733 1021 953 1063 involutae
980 1022 1197 1077 videntur3
1229 1022 1409 1076 denique
1442 1022 1502 1064 sic

158 1082 316 1137 iudico,
347 1084 448 1137 post
479 1081 580 1122 illos
611 1080 780 1122 nobiles
811 1079 1130 1136 Pythagoreos,
1168 1095 1350 1135 quorum
1383 1080 1504 1122 disci-

158 1142 279 1196 plina
317 1140 507 1182 extincta
539 1142 605 1181 est
643 1139 828 1193 quodam
861 1139 1006 1193 modo⁷
1038 1154 1134 1181 cum
1168 1140 1335 1194 aliquot
1363 1139 1503 1181 saecla

159 1201 203 1241 in
233 1199 364 1241 Italia
396 1197 627 1252 Siciliaque
659 1198 880 1253 viguisset,
912 1197 1025 1240 hunc
1051 1198 1257 1252 extitisse,
1283 1198 1357 1252 qui
1382 1198 1504 1239 illam

112 1269 132 1299 2
158 1261 398 1301 renovaret.
460 1256 543 1306 Qui
587 1271 683 1298 cum
727 1271 795 1298 me
838 1256 885 1297 in
922 1255 1118 1298 Ciliciam
1161 1257 1504 1312 proficiscentem
1527 1274 1559 1298 ιο

158 1317 321 1373 Ephesi
341 1315 654 1371 expectavisset
668 1314 852 1356 Romam
873 1329 922 1356 ex
942 1315 1160 1371 legatione
1180 1315 1272 1370 ipse
1287 1315 1504 1366 decedens,

160 1376 432 1429 venissetque
464 1374 614 1416 eodem
645 1373 865 1428 Mytilenis
897 1374 982 1415 mei
1013 1374 1232 1415 salutandi
1267 1376 1311 1415 et
1341 1374 1507 1415 visendi

158 1449 288 1477 causa
307 1433 554 1488 Cratippus,
573 1432 962 1487 Peripateticorum
982 1432 1185 1488 omnium,
1206 1446 1313 1487 quos
1335 1432 1506 1487 quidem

158 1508 239 1549 ego
261 1492 482 1544 audierim,
507 1505 602 1533 meo
623 1490 778 1532 iudicio
798 1491 925 1533 facile
944 1491 1155 1546 princeps,
1181 1491 1445 1546 perlibenter
1465 1495 1508 1532 et

158 1552 381 1608 Nigidium
394 1550 483 1592 vidi
503 1552 546 1591 et
565 1549 749 1605 cognovi
763 1548 1029 1604 Cratippum.
1055 1549 1120 1592 Ac
1133 1550 1319 1605 primum
1335 1549 1506 1604 quidem
1528 1567 1559 1592 15

158 1614 329 1666 tempus
356 1608 633 1652 salutationis
658 1609 703 1649 in
723 1609 1049 1663 percontatione
1069 1608 1414 1664 consumpsimus
1428 1640 1460 1651 ..
1474 1641 1483 1650 .
1497 1640 1507 1651 .

734 1688 760 1716 *
967 1688 992 1715 ²1⁴

850 1720 875 1746 a:

255 1784 422 1830 [Praeter
446 1783 593 1828 partem
630 1781 772 1817 exordii
805 1781 1039 1817 Ciceroniani
1075 1781 1334 1817 desiderantur
1364 1781 1508 1817 Timaei

160 1831 345 1866 Platonici
375 1830 548 1866 undecim
578 1829 739 1875 paginae
772 1840 795 1863 a
830 1841 866 1873 p.
896 1834 937 1864 17
963 1840 1080 1877 usque
1111 1828 1160 1863 ad
1190 1833 1235 1864 27
1276 1828 1334 1863 ed.
1367 1828 1507 1873 Steph„

161 1890 235 1923 qua
259 1878 415 1914 exeunte
440 1877 617 1922 leguntur
646 1876 777 1911 verba:
803 1873 930 1911 Ἔστιν
968 1877 1037 1911 οὐν
1075 1873 1122 1920 δὴ
1151 1873 1229 1911 κατ’
1262 1873 1356 1920 ἐμὴν
1391 1875 1508 1917 δόξαν
1527 1890 1561 1914 20

161 1927 309 1971 πρῶτον
330 1924 542 1969 διαιρετέον
567 1921 668 1959 τάδε.
707 1922 803 1958 Hinc
828 1922 963 1968 incipit
976 1922 1150 1957 Tulliana
1167 1922 1335 1958 Platonis
1356 1921 1506 1968 oratio]

116 2007 141 2046 2
253 2019 364 2069 Quid
396 2023 479 2074 est,
526 2019 640 2074 quod
678 2033 846 2074 semper
890 2019 947 2060 sit
975 2012 1126 2073 'neque
1169 2018 1308 2060 ullum
1348 2017 1509 2060 habeat

115 2058 137 2088 3
164 2081 325 2133 ortum,
363 2081 407 2120 et
444 2079 558 2133 quod
590 2078 796 2134 gignatur
825 2092 903 2119 nec
940 2092 1144 2131 umquam
1183 2077 1268 2118 sit?
1319 2075 1510 2126 Quorum

164 2138 349 2180 alterum
380 2137 682 2192 intellegentia
713 2139 756 2178 et
788 2136 954 2178 ratione
987 2135 1365 2190 conprehenditur,
1397 2135 1512 2190 quod
1632 2174 1635 2189 ζ

163 2211 296 2238 unum
351 2198 480 2250 atque
525 2195 639 2237 idem
687 2210 855 2250 semper
902 2197 985 2249 est3
1036 2195 1238 2249 alterum,
1286 2194 1401 2249 quod
1441 2194 1510 2236 ad-
1530 2206 1564 2231 2⁵
1631 2224 1634 2254 2

162 2255 248 2297 fert
287 2254 533 2309 opinionem
581 2268 731 2295 sensus
770 2253 951 2295 rationis
1002 2267 1171 2308 expers,
1217 2253 1331 2307 quod
1368 2255 1510 2294 totum
1632 2257 1633 2264 ¹

165 2314 382 2369 opinabile
416 2315 493 2367 est,
525 2313 569 2354 id
602 2312 796 2368 gignitur
828 2314 871 2354 et
901 2311 1051 2353 interit
1082 2327 1159 2353 nec
1185 2326 1391 2367 umquam
1419 2326 1511 2353 esse

1629 2331 1632 2429 i
