1663 2490
433 38 522 74 LIB.
548 39 574 73 I.
616 38 717 75 CAP.
745 43 892 74 15—17.
927 42 946 81 ἓ
971 43 1122 75 47-53.
1392 39 1444 80 19

108 148 296 192 cernitur
333 147 379 188 111
415 146 604 188 universi
643 146 810 202 generis
847 146 1025 187 humani
1062 145 1279 188 societate.
1338 145 1444 188 Eius

109 209 252 249 autem
279 205 497 248 vinculum
524 207 590 246 est
615 205 727 247 ratio
759 208 803 246 et
834 205 985 258 oratio,
1016 219 1124 258 quae
1157 204 1356 258 docendo,
1387 205 1446 246 di-

108 264 275 319 scendo,
300 263 664 318 communicando,
690 263 978 318 disceptando,
1000 263 1224 305 iudicando
1246 263 1446 305 conciliat

107 324 222 365 inter
253 337 297 364 se
328 322 523 364 homines
556 322 859 377 coniungitque
890 322 1078 363 naturali
1107 321 1291 376 quadam
1317 322 1446 364 socie·

73 395 89 422 5
108 384 217 436 tate3
241 396 379 436 neque
403 381 493 422 ulla
518 395 562 421 re
589 381 760 436 longius
787 381 990 422 absumus
1016 395 1042 422 a
1066 383 1221 422 natura
1245 380 1446 435 ferarum,

106 441 151 483 in
172 440 324 495 quibus
345 440 484 481 inesse
503 439 799 481 fortitudinem
820 454 946 494 saepe
966 439 1158 493 dicimus,
1182 442 1230 481 ut
1249 440 1293 480 in
1314 439 1446 494 equis,

106 500 152 541 in
177 498 386 553 leonibus,
417 498 642 552 iustitiam,
674 499 947 553 aequitatem,
972 498 1211 540 bonitatem
1237 513 1323 540 non
1348 498 1446 540 dici-

106 572 220 612 mus;
245 559 345 599 sunt
371 557 483 598 enim
509 557 688 598 rationis
712 561 754 598 et
779 557 986 599 orationis
1007 559 1212 612 expertes.
1245 556 1308 599 Ac
1328 557 1445 599 latis-

109 616 215 658 sime
247 616 417 670 quidem
452 617 604 670 patens
643 616 887 657 hominibus
926 616 1037 657 inter
1074 616 1209 671 ipsos,
1248 616 1445 658 omnibus

56 676 220 717 winter
252 688 398 716 omnes
431 674 613 716 societas
644 674 750 717 haec
780 678 863 730 est3
894 675 938 715 in
965 689 1049 729 qua
1074 674 1265 716 omnium
1290 689 1446 729 rerum,

108 748 214 789 quas
253 733 304 775 ad
344 748 613 775 communem
657 733 879 775 hominum
922 748 1045 775 usum
1085 736 1241 775 natura
1284 734 1445 789 genuit,

108 795 174 835 est
200 792 410 834 servanda
434 792 731 846 communitas,
762 795 821 846 ut,
853 807 961 847 quae
987 792 1192 848 discripta
1218 795 1318 834 sunt
1342 793 1445 848 legi-

108 853 187 893 bus
220 854 262 892 et
293 851 384 892 iure
416 851 544 905 civili,
575 851 680 893 haec
710 851 773 892 ita
803 853 1042 905 teneantur,
1073 854 1121 892 ut
1153 852 1210 892 sit
1241 852 1445 893 constitu-

108 914 200 952 tum
232 910 401 965 legibus
432 909 551 964 ipsis,
584 912 725 951 cetera
756 910 816 952 sic
848 910 1139 964 observentur,
1171 913 1220 951 ut
1247 910 1292 951 in
1317 909 1445 951 Grae-

56 983 88 1008 15
109 983 253 1010 corum
292 968 520 1023 proverbio
565 971 647 1022 est,
691 968 964 1010 amicorum
1008 983 1117 1009 esse
1161 969 1446 1011 communia

109 1027 286 1069 omnia.
336 1026 536 1068 Omnium
564 1030 706 1068 autem
732 1027 973 1069 communia
1000 1027 1222 1068 hominum
1248 1027 1445 1069 videntur

108 1101 177 1140 ea,
216 1100 324 1140 quae
362 1088 463 1127 sunt
501 1086 668 1141 generis
707 1086 813 1140 eius,
852 1086 965 1140 quod
997 1085 1050 1127 ab
1082 1085 1222 1127 Ennio
1255 1086 1443 1141 positum

106 1145 152 1186 in
183 1159 268 1186 una
299 1159 344 1185 re
376 1144 602 1186 transferri
632 1145 676 1186 111
708 1145 945 1200 permultas
977 1147 1138 1199 potest:

166 1203 343 1257 Homo,
376 1203 461 1257 qui
493 1204 687 1245 erranti
719 1204 931 1245 comiter
963 1204 1217 1245 monstrat
1248 1203 1397 1257 viam,

57 1277 88 1302 20
167 1261 322 1310 Quasi
353 1262 520 1303 lumen
552 1262 607 1303 de
640 1277 727 1304 suo
760 1263 949 1304 lumine
988 1262 1247 1315 accendat,
1279 1262 1418 1305 facit.

166 1320 345 1362 Nihil6
377 1321 541 1362 minus
573 1321 674 1376 ipsi
705 1321 860 1376 hicet,
892 1336 998 1363 cum
1030 1321 1113 1362 illi
1143 1321 1444 1364 accenderit.

106 1378 206 1423 Una
231 1394 281 1421 ex
306 1394 351 1421 re
378 1380 484 1421 satis
509 1380 729 1435 praecipit,
755 1383 815 1434 ut,
844 1380 1043 1435 quicquid
1069 1380 1159 1421 sine
1187 1380 1444 1422 detrimento

108 1438 370 1481 commodari
388 1439 539 1494 possit,
558 1438 601 1480 id
620 1439 838 1480 tribuatur
864 1440 932 1481 vel
951 1440 1120 1495 ignoto3
1152 1454 1202 1481 ex
1235 1454 1318 1493 quo
1345 1444 1445 1481 sunt

107 1498 186 1539 illa
222 1497 480 1539 communia:
520 1512 618 1539 non
655 1498 928 1553 prohibere
966 1513 1095 1553 aqua
1131 1498 1445 1553 profluente,

54 1571 88 1597 25
107 1556 218 1612 pati
239 1557 298 1597 ab
318 1556 435 1612 igne
454 1556 622 1612 ignem
643 1571 837 1612 capere,
857 1557 900 1598 si
920 1557 1157 1611 quivelit,
1173 1557 1445 1600 consilium

106 1615 263 1657 fidele
296 1615 610 1656 deliberanti
645 1616 780 1669 dare,
818 1630 925 1670 quae
963 1618 1064 1657 sunt
1101 1616 1153 1657 iis
1191 1616 1334 1670 utilia,
1372 1617 1445 1671 qui

107 1673 339 1729 accipiunt,
371 1674 491 1715 danti
521 1688 608 1715 non
638 1675 833 1716 molesta.
894 1673 1033 1723 Quare
1065 1677 1108 1716 et
1138 1675 1207 1716 his
1238 1675 1444 1717 utendum

107 1735 173 1774 est
200 1736 242 1774 et
268 1747 435 1788 semper
461 1732 623 1787 aliquid
649 1733 701 1774 ad
728 1748 995 1775 communem
1015 1733 1250 1775 utilitatem
1272 1734 1444 1776 afferen-

108 1792 219 1833 dum.
281 1789 363 1833 Sed
401 1791 603 1846 quoniam
640 1792 787 1847 copiae
824 1807 981 1847 parvae
1020 1792 1288 1848 singulorum
1333 1797 1444 1847 sunt,

54 1866 88 1892 30
107 1865 253 1892 eorum
286 1853 446 1904 autem,
485 1851 558 1905 qui
588 1851 656 1892 his
689 1855 862 1907 egeant,
893 1851 1067 1893 infinita
1105 1853 1170 1893 est
1201 1851 1444 1906 multitudo,

106 1909 299 1965 vulgaris
324 1909 565 1951 liberalitas
591 1909 813 1951 referenda
840 1912 906 1951 est
931 1910 984 1951 ad
1006 1910 1130 1951 illum
1149 1909 1262 1952 Enni
1298 1910 1444 1952 finem:

107 1967 308 2010 ‘Nihilo
340 1968 505 2010 minus
536 1969 642 2024 ipsi
673 1969 845 2023 lucet’,
881 1971 930 2010 ut
960 1968 1145 2011 facultas
1177 1969 1252 2023 sit,
1285 1983 1368 2024 qua
1400 1969 1445 2010 in

105 2030 279 2069 nostros
312 2027 445 2069 simus
477 2027 690 2069 liberales.

194 2085 361 2128 Gradus
388 2088 530 2128 autem
557 2086 701 2141 plures
731 2090 831 2128 sunt
857 2086 1074 2128 societatis
1100 2087 1334 2129 hominum.
1384 2086 1444 2129 Ut

0 2144 4 2151 '
54 2161 87 2186 35
107 2145 219 2186 enim
251 2146 305 2187 ab
336 2145 414 2186 illa
444 2145 614 2187 infinita
645 2145 903 2200 discedatur,
939 2146 1116 2201 propior
1152 2150 1218 2187 est
1256 2146 1443 2188 eiusdem

107 2204 266 2259 gentis,
302 2204 508 2258 nationis,
546 2204 736 2260 linguae,
774 2219 858 2259 qua
894 2219 1091 2246 maxume
1122 2204 1317 2247 homines
1349 2219 1444 2247 con-

105 2263 360 2317 iunguntur3
395 2263 574 2305 interius
617 2264 746 2305 etiam
785 2266 851 2305 est
889 2263 1075 2305 eiusdem
1114 2278 1205 2306 esse
1237 2264 1444 2318 civitatis;

1184 2332 1231 2365 2*

1471 566 1514 599 51

1471 1448 1515 1481 52

1461 2072 1513 2113 17

1470 2124 1510 2156 53
