1663 2490
184 63 265 104 138
500 62 622 97 CATO
647 62 804 97 MAIOR
828 62 892 97 DE
919 61 1200 98 SENECTUTE

180 171 356 212 locitate
382 172 457 211 aut
481 170 701 211 celeritate
733 183 959 224 corporum
990 184 1058 210 res
1091 183 1274 224 magnae
1300 171 1517 224 geruntur,

180 229 254 271 sed
286 228 477 283 consilio,
509 229 784 282 auctoritate,
816 227 1047 282 sententia3
1088 228 1242 282 quibus
1274 241 1361 268 non
1392 228 1517 269 modo

113 298 154 331 18
179 303 266 330 non
292 287 448 341 orbari,
474 287 548 328 sed
573 287 704 328 etiam
730 286 879 341 augeri
903 289 1097 328 senectus
1125 287 1246 328 solet.
1286 285 1382 327 Nisi
1406 286 1519 327 forte

181 361 260 402 ego
293 346 430 400 vobis,
461 345 534 400 qui
566 348 608 386 et
641 344 763 386 miles
797 347 839 385 et
867 345 1065 386 tribunus
1092 347 1135 386 et
1160 345 1330 400 legatus
1356 346 1399 385 et
1424 358 1518 386 con·

181 406 247 447 sul
285 407 479 446 versatus
519 418 613 445 sum
650 403 695 444 in
732 403 852 444 vario
891 418 1045 459 genere
1082 403 1312 457 bellorum,
1353 417 1518 445 cessare

179 478 291 505 nunc
327 463 491 516 videor,
528 477 624 504 curn
661 462 778 503 bella
813 476 900 503 non
937 476 1058 517 gero3
1102 465 1147 504 at
1185 461 1370 516 senatui,
1411 476 1518 516 quae
1556 474 1571 499 5

181 523 267 564 sint
281 521 479 577 gerenda,
498 520 756 575 praescribo,
777 523 820 562 et
834 535 915 575 quo
931 520 1056 562 modo
1071 519 1427 576 Karthagini....,
1452 521 1519 562 cui

181 581 292 622 male
325 581 411 621 iam
444 579 515 620 diu
546 578 757 634 cogitanti
790 579 951 621 bellum
989 580 1127 620 multo
1167 583 1266 621 ante
1298 579 1520 633 denunti03

180 641 230 681 de
262 654 346 693 qua
376 638 515 679 vereri
539 652 626 680 non
646 640 745 679 ante
772 638 974 692 desinam,
1006 653 1134 692 quam
1160 638 1283 679 illam
1337 638 1519 680 excisam

112 710 153 741 19
180 713 272 739 esse
305 711 559 753 cognovero.
609 695 747 745 Quam
778 697 968 752 palmam
996 697 1163 738 utinam
1190 697 1231 738 di
1257 697 1521 751 inmortales,

180 755 344 811 Scipio,
387 755 469 797 tibi
512 758 749 809 reservent,
791 757 841 796 ut
884 755 953 797 avi
996 755 1198 809 reliquias
1243 757 1519 810 persequare!
1543 767 1573 791 10

180 815 297 857 cuius
324 830 349 857 a
374 817 513 856 morte
544 814 697 856 tertius
730 813 799 856 hic
831 816 874 855 et
903 814 1145 855 tricesimus
1179 828 1314 855 annus
1345 817 1423 868 est,
1449 814 1521 856 sed

181 873 433 916 memoriam
464 872 582 915 illius
614 873 696 915 viri
728 887 875 914 omnes
902 873 1113 928 excipient
1139 873 1241 914 anni
1266 887 1522 927 consequen-

181 936 257 975 tes.
319 933 446 974 Anno
485 934 584 973 ante
629 946 696 973 me
740 946 960 973 censorem
1003 934 1198 973 mortuus
1243 935 1325 986 est,
1368 946 1522 973 novem

182 992 304 1033 annis
336 994 437 1046 post
461 1005 605 1032 meum
630 991 920 1045 consulatum,
957 1005 1053 1032 cum
1080 991 1230 1033 consul
1268 991 1424 1032 iterum
1455 1005 1522 1032 me

181 1051 355 1092 consule
388 1052 556 1091 creatus
590 1052 714 1091 esset.
763 1048 880 1091 Num
911 1049 1057 1105 igitur,
1090 1049 1125 1091 si
1158 1049 1212 1091 ad
1243 1050 1522 1091 centesimum
1544 1061 1575 1086 15

183 1124 339 1151 annum
372 1109 569 1163 vixisset,
607 1108 839 1150 senectutis
878 1123 974 1149 eum
1007 1123 1108 1150 suae
1140 1109 1409 1163 paeniteret?
1446 1122 1523 1150 nec

183 1169 295 1210 enim
328 1167 575 1209 excursione
606 1182 684 1209 nec
716 1168 831 1209 saltu
856 1181 933 1209 nec
959 1167 1123 1208 eminus
1150 1167 1286 1208 hastis
1313 1170 1387 1208 aut
1413 1182 1523 1208 com-

182 1227 322 1268 minus
351 1226 506 1282 gladiis
532 1228 736 1280 uteretur,
763 1225 836 1267 sed
861 1225 1054 1280 consilio,
1085 1226 1264 1280 ratione,
1297 1226 1522 1267 sententia.

183 1285 299 1334 Quae
330 1285 414 1326 nisi
446 1287 589 1326 essent
620 1285 664 1326 in
697 1284 886 1339 senibus,
926 1299 1013 1326 non
1050 1299 1265 1326 summum
1297 1284 1522 1326 consilium

112 1355 156 1386 20
182 1345 366 1386 maiores
397 1344 538 1385 nostri
570 1344 862 1399 appellassent
894 1346 1103 1384 senatum.
1159 1343 1286 1397 Apud
1318 1343 1524 1385 Lacedae·
1545 1356 1576 1380 20

184 1403 350 1445 monios
382 1402 553 1458 quidem
585 1402 632 1456 ii,
665 1402 737 1456 qui
770 1402 1084 1457 amplissimum
1117 1403 1424 1457 magistratum
1456 1416 1524 1457 ge·

183 1465 301 1516 runt,
338 1464 387 1503 ut
424 1464 542 1515 sunt,
586 1461 647 1503 sic
685 1460 816 1502 etiam
852 1461 1130 1502 nominantur
1169 1475 1302 1502 senes.
1363 1460 1524 1510 Quodsi

183 1523 325 1577 legere
358 1523 433 1562 aut
465 1520 611 1561 audire
643 1519 798 1561 voletis
831 1522 1017 1574 externa,
1049 1519 1259 1561 maximas
1290 1534 1358 1561 res
1386 1519 1524 1575 publi-

185 1595 254 1622 cas
293 1580 347 1621 ab
380 1578 725 1621 adulescentibus
757 1578 1059 1633 labefactatas,
1097 1594 1123 1620 a
1154 1579 1328 1620 senibus
1361 1581 1524 1620 susten-

185 1642 300 1680 tatas
334 1641 377 1679 et
407 1638 633 1679 restitutas
665 1637 900 1693 reperietis.
1544 1649 1577 1673 25

243 1696 395 1751 Cedo,
420 1695 508 1751 qui
529 1699 752 1738 vestram
778 1711 880 1738 rem
906 1696 1165 1751 publicam
1185 1698 1385 1738 tantam
1406 1696 1524 1737 ‘cimi-

902 1755 1050 1797 sistis
1082 1755 1183 1796 tam
1215 1754 1347 1796 cito?

185 1814 252 1856 Sic
279 1814 392 1856 enim
418 1816 725 1869 percontantur
749 1814 781 1867 †
804 1816 853 1855 ut
882 1816 949 1855 est
982 1814 1027 1855 in
1052 1813 1190 1855 Naevi
1214 1816 1367 1868 poetae
1387 1813 1525 1868 Ludo3

186 1873 498 1928 respondentur
530 1875 573 1914 et
604 1873 690 1914 alia
723 1875 765 1913 et
795 1872 876 1914 hoc
907 1873 951 1914 in
982 1872 1152 1927 primis:

244 1931 626 1973 Proveniebant
676 1931 908 1973 oratores
959 1930 1095 1985 novi,
1150 1931 1304 1972 stulti
1354 1931 1525 1972 adule-

1115 1989 1350 2031 scentuli

187 2049 425 2090 Temeritas
458 2051 525 2091 est
555 2048 752 2090 videlicet
780 2049 972 2090 florentis
1006 2048 1173 2103 aetatis,
1204 2048 1434 2103 prudentia
1465 2062 1526 2090 se·
1546 2059 1579 2084 ³0

187 2107 413 2150 nescentis.
700 2148 703 2150 ,

116 2146 158 2229 2¹}
274 2167 335 2208 At
366 2166 573 2208 memoria
605 2166 825 2207 minuitur.
886 2163 1040 2218 Credo,
1077 2164 1161 2206 nisi
1192 2179 1286 2206 eam
1318 2179 1528 2219 exerceas,

188 2227 263 2266 aut
288 2225 419 2268 etiam
445 2224 481 2266 si
507 2225 565 2266 sis
592 2227 748 2266 natura
773 2223 948 2266 tardior.
998 2223 1309 2265 Themistocles
1336 2224 1528 2265 omnium

187 2283 344 2325 civium
375 2286 624 2338 perceperat
655 2283 847 2336 nomina3
887 2297 990 2324 num
1026 2282 1161 2338 igitur
1197 2282 1380 2325 censetis
1419 2297 1528 2334 eum,
