<?xml version="1.0" encoding="UTF-8"?>
<!DOCTYPE html PUBLIC "-//W3C//DTD XHTML 1.0 Transitional//EN"
    "http://www.w3.org/TR/xhtml1/DTD/xhtml1-transitional.dtd">
<html xmlns="http://www.w3.org/1999/xhtml" xml:lang="en" lang="en">
 <head>
  <title>
</title>
<meta http-equiv="Content-Type" content="text/html;charset=utf-8" />
  <meta name='ocr-system' content='tesseract 3.04.00' />
  <meta name='ocr-capabilities' content='ocr_page ocr_carea ocr_par ocr_line ocrx_word'/>
</head>
<body>
  <div class='ocr_page' id='page_1' title='image "./p3scriptaquaemanse04ciceuoft_0186.png"; bbox 0 0 1663 2490; ppageno 0'>
   <div class='ocr_carea' id='block_1_1' title="bbox 142 1269 184 1301">
    <p class='ocr_par' dir='ltr' id='par_1_1' title="bbox 142 1269 184 1301">
     <span class='ocr_line' id='line_1_1' title="bbox 142 1269 184 1301; baseline -0.024 0"><span class='ocrx_word' id='word_1_1' title='bbox 142 1269 184 1301; x_wconf 79' lang='lat'>88</span> 
     </span>
    </p>
   </div>
   <div class='ocr_carea' id='block_1_2' title="bbox 141 2067 201 2151">
    <p class='ocr_par' dir='ltr' id='par_1_2' title="bbox 141 2067 201 2151">
     <span class='ocr_line' id='line_1_2' title="bbox 142 2067 199 2108; baseline 0.018 -1"><span class='ocrx_word' id='word_1_2' title='bbox 142 2067 199 2108; x_wconf 60' lang='lat'>232</span> 
     </span>
     <span class='ocr_line' id='line_1_3' title="bbox 141 2119 201 2151; baseline -0.033 0"><span class='ocrx_word' id='word_1_3' title='bbox 141 2119 183 2151; x_wconf 77' lang='lat'>89</span> <span class='ocrx_word' id='word_1_4' title='bbox 198 2125 201 2131; x_wconf 86' lang='grc'>·</span> 
     </span>
    </p>
   </div>
   <div class='ocr_carea' id='block_1_3' title="bbox 212 92 1028 137">
    <p class='ocr_par' dir='ltr' id='par_1_3' title="bbox 212 92 1028 137">
     <span class='ocr_line' id='line_1_4' title="bbox 212 92 1028 137; baseline -0.001 -9"><span class='ocrx_word' id='word_1_5' title='bbox 212 95 296 137; x_wconf 84' lang='lat'>118</span> <span class='ocrx_word' id='word_1_6' title='bbox 738 93 803 128; x_wconf 89' lang='lat' dir='ltr'>DE</span> <span class='ocrx_word' id='word_1_7' title='bbox 829 92 1028 128; x_wconf 87' lang='lat' dir='ltr'><strong>OFFICIIS</strong></span> 
     </span>
    </p>
   </div>
   <div class='ocr_carea' id='block_1_4' title="bbox 204 201 1605 2371">
    <p class='ocr_par' dir='ltr' id='par_1_4' title="bbox 209 201 1605 2077">
     <span class='ocr_line' id='line_1_5' title="bbox 211 201 1550 258; baseline -0.002 -13"><span class='ocrx_word' id='word_1_8' title='bbox 211 204 248 245; x_wconf 91' lang='lat' dir='ltr'>si</span> <span class='ocrx_word' id='word_1_9' title='bbox 268 203 452 258; x_wconf 87' lang='lat' dir='ltr'>speciem</span> <span class='ocrx_word' id='word_1_10' title='bbox 478 203 684 244; x_wconf 86' lang='lat' dir='ltr'>utilitatis</span> <span class='ocrx_word' id='word_1_11' title='bbox 708 201 1037 257; x_wconf 83' lang='lat' dir='ltr'>opinionemque</span> <span class='ocrx_word' id='word_1_12' title='bbox 1063 201 1319 256; x_wconf 81' lang='lat' dir='ltr'>quaerimus,</span> <span class='ocrx_word' id='word_1_13' title='bbox 1345 216 1550 258; x_wconf 87' lang='lat' dir='ltr'>magnum</span> 
     </span>
     <span class='ocr_line' id='line_1_6' title="bbox 210 260 1551 316; baseline -0.001 -13"><span class='ocrx_word' id='word_1_14' title='bbox 210 262 319 303; x_wconf 90' lang='lat' dir='ltr'>illud</span> <span class='ocrx_word' id='word_1_15' title='bbox 343 262 507 303; x_wconf 86' lang='lat' dir='ltr'>bellum</span> <span class='ocrx_word' id='word_1_16' title='bbox 533 261 714 316; x_wconf 83' lang='lat' dir='ltr'>perfuga</span> <span class='ocrx_word' id='word_1_17' title='bbox 739 274 847 301; x_wconf 89' lang='lat' dir='ltr'>unus</span> <span class='ocrx_word' id='word_1_18' title='bbox 875 262 918 301; x_wconf 90' lang='lat' dir='ltr'>et</span> <span class='ocrx_word' id='word_1_19' title='bbox 943 274 1118 315; x_wconf 83' lang='lat' dir='ltr'>gravem</span> <span class='ocrx_word' id='word_1_20' title='bbox 1151 260 1444 301; x_wconf 85' lang='lat' dir='ltr'>adversarium</span> <span class='ocrx_word' id='word_1_21' title='bbox 1473 260 1551 302; x_wconf 90' lang='lat' dir='ltr'>im-</span> 
     </span>
     <span class='ocr_line' id='line_1_7' title="bbox 210 318 1550 376; baseline -0.001 -14"><span class='ocrx_word' id='word_1_22' title='bbox 210 321 320 376; x_wconf 85' lang='lat' dir='ltr'>perii</span> <span class='ocrx_word' id='word_1_23' title='bbox 364 320 628 372; x_wconf 75' lang='lat' dir='ltr'>sustulisset,</span> <span class='ocrx_word' id='word_1_24' title='bbox 672 318 745 360; x_wconf 90' lang='lat' dir='ltr'>sed</span> <span class='ocrx_word' id='word_1_25' title='bbox 785 332 989 374; x_wconf 80' lang='lat' dir='ltr'>magnum</span> <span class='ocrx_word' id='word_1_26' title='bbox 1028 319 1206 360; x_wconf 84' lang='lat' dir='ltr'>dedecus</span> <span class='ocrx_word' id='word_1_27' title='bbox 1245 322 1288 360; x_wconf 87' lang='lat' dir='ltr'>et</span> <span class='ocrx_word' id='word_1_28' title='bbox 1324 318 1550 374; x_wconf 83' lang='lat' dir='ltr'>flagitium,</span> 
     </span>
     <span class='ocr_line' id='line_1_8' title="bbox 213 377 1552 434; baseline -0.002 -13"><span class='ocrx_word' id='word_1_29' title='bbox 213 379 381 434; x_wconf 85' lang='lat' dir='ltr'>quicum</span> <span class='ocrx_word' id='word_1_30' title='bbox 414 379 551 420; x_wconf 85' lang='lat' dir='ltr'>laudis</span> <span class='ocrx_word' id='word_1_31' title='bbox 584 380 800 419; x_wconf 84' lang='lat' dir='ltr'>certamen</span> <span class='ocrx_word' id='word_1_32' title='bbox 830 377 994 430; x_wconf 83' lang='lat' dir='ltr'>fuisset,</span> <span class='ocrx_word' id='word_1_33' title='bbox 1030 392 1126 419; x_wconf 90' lang='lat' dir='ltr'>eum</span> <span class='ocrx_word' id='word_1_34' title='bbox 1156 391 1243 418; x_wconf 86' lang='lat' dir='ltr'>non</span> <span class='ocrx_word' id='word_1_35' title='bbox 1274 377 1446 432; x_wconf 84' lang='lat' dir='ltr'>virtute,</span> <span class='ocrx_word' id='word_1_36' title='bbox 1478 378 1552 419; x_wconf 87' lang='lat' dir='ltr'>sed</span> 
     </span>
     <span class='ocr_line' id='line_1_9' title="bbox 213 434 1603 492; baseline -0.002 -13"><span class='ocrx_word' id='word_1_37' title='bbox 213 439 371 480; x_wconf 88' lang='lat' dir='ltr'>scelere</span> <span class='ocrx_word' id='word_1_38' title='bbox 403 439 663 492; x_wconf 81' lang='lat' dir='ltr'>superatum.</span> <span class='ocrx_word' id='word_1_39' title='bbox 712 435 871 477; x_wconf 90' lang='lat' dir='ltr'>Utrum</span> <span class='ocrx_word' id='word_1_40' title='bbox 902 435 1036 491; x_wconf 83' lang='lat' dir='ltr'>igitur</span> <span class='ocrx_word' id='word_1_41' title='bbox 1067 436 1216 477; x_wconf 84' lang='lat' dir='ltr'>utilius</span> <span class='ocrx_word' id='word_1_42' title='bbox 1248 436 1316 477; x_wconf 87' lang='lat' dir='ltr'>vel</span> <span class='ocrx_word' id='word_1_43' title='bbox 1341 434 1550 490; x_wconf 83' lang='lat' dir='ltr'>Fabricio,</span> <span class='ocrx_word' id='word_1_44' title='bbox 1587 449 1603 473; x_wconf 84' lang='lat'>⁵</span> 
     </span>
     <span class='ocr_line' id='line_1_10' title="bbox 212 493 1551 551; baseline -0.001 -14"><span class='ocrx_word' id='word_1_45' title='bbox 212 497 285 551; x_wconf 90' lang='lat' dir='ltr'>qui</span> <span class='ocrx_word' id='word_1_46' title='bbox 316 496 417 537; x_wconf 89' lang='lat' dir='ltr'>talis</span> <span class='ocrx_word' id='word_1_47' title='bbox 449 496 493 536; x_wconf 88' lang='lat' dir='ltr'>in</span> <span class='ocrx_word' id='word_1_48' title='bbox 525 495 605 536; x_wconf 89' lang='lat' dir='ltr'>hac</span> <span class='ocrx_word' id='word_1_49' title='bbox 636 494 760 548; x_wconf 89' lang='lat' dir='ltr'>urbe,</span> <span class='ocrx_word' id='word_1_50' title='bbox 801 494 940 548; x_wconf 87' lang='lat' dir='ltr'>qualis</span> <span class='ocrx_word' id='word_1_51' title='bbox 973 494 1186 536; x_wconf 70' lang='lat' dir='ltr'>Aristides</span> <span class='ocrx_word' id='word_1_52' title='bbox 1218 493 1420 548; x_wconf 89' lang='lat' dir='ltr'>Athenis,</span> <span class='ocrx_word' id='word_1_53' title='bbox 1456 494 1551 548; x_wconf 87' lang='lat' dir='ltr'>fuit,</span> 
     </span>
     <span class='ocr_line' id='line_1_11' title="bbox 211 553 1552 609; baseline -0.001 -13"><span class='ocrx_word' id='word_1_54' title='bbox 211 555 280 596; x_wconf 86' lang='lat' dir='ltr'>vel</span> <span class='ocrx_word' id='word_1_55' title='bbox 313 554 481 596; x_wconf 88' lang='lat' dir='ltr'>senatui</span> <span class='ocrx_word' id='word_1_56' title='bbox 511 556 679 606; x_wconf 87' lang='lat' dir='ltr'>nostro,</span> <span class='ocrx_word' id='word_1_57' title='bbox 721 553 794 607; x_wconf 89' lang='lat' dir='ltr'>qui</span> <span class='ocrx_word' id='word_1_58' title='bbox 824 568 1060 607; x_wconf 80' lang='lat' dir='ltr'>numquam</span> <span class='ocrx_word' id='word_1_59' title='bbox 1091 553 1328 594; x_wconf 73' lang='lat' dir='ltr'>utilitatem</span> <span class='ocrx_word' id='word_1_60' title='bbox 1361 568 1387 594; x_wconf 87' lang='lat' dir='ltr'>a</span> <span class='ocrx_word' id='word_1_61' title='bbox 1417 553 1552 609; x_wconf 87' lang='lat' dir='ltr'>digni-</span> 
     </span>
     <span class='ocr_line' id='line_1_12' title="bbox 211 611 1551 666; baseline -0.001 -12"><span class='ocrx_word' id='word_1_62' title='bbox 211 616 302 654; x_wconf 81' lang='lat' dir='ltr'>tate</span> <span class='ocrx_word' id='word_1_63' title='bbox 341 612 542 666; x_wconf 81' lang='lat' dir='ltr'>seiunxit,</span> <span class='ocrx_word' id='word_1_64' title='bbox 588 611 717 652; x_wconf 85' lang='lat' dir='ltr'>armis</span> <span class='ocrx_word' id='word_1_65' title='bbox 757 626 851 653; x_wconf 91' lang='lat' dir='ltr'>cum</span> <span class='ocrx_word' id='word_1_66' title='bbox 889 612 1014 653; x_wconf 85' lang='lat' dir='ltr'>hoste</span> <span class='ocrx_word' id='word_1_67' title='bbox 1052 614 1216 653; x_wconf 88' lang='lat' dir='ltr'>certare</span> <span class='ocrx_word' id='word_1_68' title='bbox 1255 626 1310 652; x_wconf 88' lang='lat' dir='ltr'>an</span> <span class='ocrx_word' id='word_1_69' title='bbox 1348 611 1551 653; x_wconf 80' lang='lat' dir='ltr'>venenis?</span> 
     </span>
     <span class='ocr_line' id='line_1_13' title="bbox 212 670 1551 727; baseline -0.001 -14"><span class='ocrx_word' id='word_1_70' title='bbox 212 671 257 713; x_wconf 75' lang='lat' dir='ltr'>Si</span> <span class='ocrx_word' id='word_1_71' title='bbox 301 671 465 727; x_wconf 83' lang='lat' dir='ltr'>gloriae</span> <span class='ocrx_word' id='word_1_72' title='bbox 510 685 638 713; x_wconf 87' lang='lat' dir='ltr'>causa</span> <span class='ocrx_word' id='word_1_73' title='bbox 680 670 907 725; x_wconf 90' lang='lat' dir='ltr'>imperium</span> <span class='ocrx_word' id='word_1_74' title='bbox 951 670 1237 724; x_wconf 85' lang='lat' dir='ltr'>expetundum</span> <span class='ocrx_word' id='word_1_75' title='bbox 1281 672 1364 724; x_wconf 85' lang='lat' dir='ltr'>est,</span> <span class='ocrx_word' id='word_1_76' title='bbox 1414 671 1551 712; x_wconf 89' lang='lat' dir='ltr'>scelus</span> 
     </span>
     <span class='ocr_line' id='line_1_14' title="bbox 213 728 1604 784; baseline -0.001 -12"><span class='ocrx_word' id='word_1_77' title='bbox 213 730 345 784; x_wconf 85' lang='lat' dir='ltr'>absit,</span> <span class='ocrx_word' id='word_1_78' title='bbox 382 730 428 771; x_wconf 88' lang='lat' dir='ltr'>in</span> <span class='ocrx_word' id='word_1_79' title='bbox 460 744 542 784; x_wconf 92' lang='lat' dir='ltr'>quo</span> <span class='ocrx_word' id='word_1_80' title='bbox 574 743 659 770; x_wconf 89' lang='lat' dir='ltr'>non</span> <span class='ocrx_word' id='word_1_81' title='bbox 691 731 836 784; x_wconf 88' lang='lat' dir='ltr'>potest</span> <span class='ocrx_word' id='word_1_82' title='bbox 867 743 959 770; x_wconf 90' lang='lat' dir='ltr'>esse</span> <span class='ocrx_word' id='word_1_83' title='bbox 991 728 1147 783; x_wconf 82' lang='lat' dir='ltr'>gloria3</span> <span class='ocrx_word' id='word_1_84' title='bbox 1188 728 1255 770; x_wconf 90' lang='lat' dir='ltr'>sin</span> <span class='ocrx_word' id='word_1_85' title='bbox 1291 728 1410 783; x_wconf 85' lang='lat' dir='ltr'>ipsae</span> <span class='ocrx_word' id='word_1_86' title='bbox 1449 743 1550 784; x_wconf 92' lang='lat' dir='ltr'>opes</span> <span class='ocrx_word' id='word_1_87' title='bbox 1573 742 1604 766; x_wconf 86' lang='lat'>10</span> 
     </span>
     <span class='ocr_line' id='line_1_15' title="bbox 212 787 1552 844; baseline -0.001 -14"><span class='ocrx_word' id='word_1_88' title='bbox 212 791 470 844; x_wconf 78' lang='lat' dir='ltr'>expetuntur</span> <span class='ocrx_word' id='word_1_89' title='bbox 508 802 677 842; x_wconf 86' lang='lat' dir='ltr'>quoquo</span> <span class='ocrx_word' id='word_1_90' title='bbox 726 787 870 842; x_wconf 89' lang='lat' dir='ltr'>modo,</span> <span class='ocrx_word' id='word_1_91' title='bbox 912 801 998 828; x_wconf 91' lang='lat' dir='ltr'>non</span> <span class='ocrx_word' id='word_1_92' title='bbox 1040 790 1245 841; x_wconf 87' lang='lat' dir='ltr'>poterunt</span> <span class='ocrx_word' id='word_1_93' title='bbox 1287 787 1416 829; x_wconf 87' lang='lat' dir='ltr'>utiles</span> <span class='ocrx_word' id='word_1_94' title='bbox 1461 802 1552 829; x_wconf 89' lang='lat' dir='ltr'>esse</span> 
     </span>
     <span class='ocr_line' id='line_1_16' title="bbox 211 845 1552 901; baseline -0.001 -12"><span class='ocrx_word' id='word_1_95' title='bbox 211 863 308 889; x_wconf 92' lang='lat' dir='ltr'>cum</span> <span class='ocrx_word' id='word_1_96' title='bbox 338 847 528 889; x_wconf 86' lang='lat' dir='ltr'>infamia.</span> <span class='ocrx_word' id='word_1_97' title='bbox 589 846 689 888; x_wconf 88' lang='lat' dir='ltr'>Non</span> <span class='ocrx_word' id='word_1_98' title='bbox 719 846 854 901; x_wconf 80' lang='lat' dir='ltr'>igitur</span> <span class='ocrx_word' id='word_1_99' title='bbox 884 846 1004 887; x_wconf 89' lang='lat' dir='ltr'>utilis</span> <span class='ocrx_word' id='word_1_100' title='bbox 1036 846 1114 887; x_wconf 92' lang='lat' dir='ltr'>illa</span> <span class='ocrx_word' id='word_1_101' title='bbox 1145 846 1189 887; x_wconf 90' lang='lat' dir='ltr'>L.</span> <span class='ocrx_word' id='word_1_102' title='bbox 1221 845 1414 901; x_wconf 87' lang='lat' dir='ltr'>Philippi</span> <span class='ocrx_word' id='word_1_103' title='bbox 1445 845 1493 895; x_wconf 84' lang='lat' dir='ltr'>Q.</span> <span class='ocrx_word' id='word_1_104' title='bbox 1523 845 1552 887; x_wconf 89' lang='lat' dir='ltr'>f.</span> 
     </span>
     <span class='ocr_line' id='line_1_17' title="bbox 213 903 1552 960; baseline -0.001 -13"><span class='ocrx_word' id='word_1_105' title='bbox 213 906 444 960; x_wconf 88' lang='lat' dir='ltr'>sententia,</span> <span class='ocrx_word' id='word_1_106' title='bbox 482 920 588 960; x_wconf 89' lang='lat' dir='ltr'>quas</span> <span class='ocrx_word' id='word_1_107' title='bbox 625 905 821 947; x_wconf 85' lang='lat' dir='ltr'>civitates</span> <span class='ocrx_word' id='word_1_108' title='bbox 854 904 899 945; x_wconf 89' lang='lat' dir='ltr'>L.</span> <span class='ocrx_word' id='word_1_109' title='bbox 931 903 1053 946; x_wconf 81' lang='lat' dir='ltr'>Sulla</span> <span class='ocrx_word' id='word_1_110' title='bbox 1083 905 1264 959; x_wconf 84' lang='lat' dir='ltr'>pecunia</span> <span class='ocrx_word' id='word_1_111' title='bbox 1294 907 1471 959; x_wconf 88' lang='lat' dir='ltr'>accepta</span> <span class='ocrx_word' id='word_1_112' title='bbox 1502 920 1552 946; x_wconf 87' lang='lat' dir='ltr'>ex</span> 
     </span>
     <span class='ocr_line' id='line_1_18' title="bbox 212 963 1550 1019; baseline -0.001 -13"><span class='ocrx_word' id='word_1_113' title='bbox 212 968 386 1006; x_wconf 86' lang='lat' dir='ltr'>senatus</span> <span class='ocrx_word' id='word_1_114' title='bbox 419 965 615 1006; x_wconf 85' lang='lat' dir='ltr'>consulto</span> <span class='ocrx_word' id='word_1_115' title='bbox 648 963 932 1018; x_wconf 74' lang='lat' dir='ltr'>liberavisset,</span> <span class='ocrx_word' id='word_1_116' title='bbox 963 966 1011 1004; x_wconf 85' lang='lat' dir='ltr'>ut</span> <span class='ocrx_word' id='word_1_117' title='bbox 1044 978 1117 1004; x_wconf 90' lang='lat' dir='ltr'>eae</span> <span class='ocrx_word' id='word_1_118' title='bbox 1143 977 1290 1005; x_wconf 88' lang='lat' dir='ltr'>rursus</span> <span class='ocrx_word' id='word_1_119' title='bbox 1317 963 1550 1019; x_wconf 83' lang='lat' dir='ltr'>vectigales</span> 
     </span>
     <span class='ocr_line' id='line_1_19' title="bbox 212 1022 1605 1077; baseline -0.004 -12"><span class='ocrx_word' id='word_1_120' title='bbox 212 1026 356 1065; x_wconf 80' lang='lat' dir='ltr'>essent</span> <span class='ocrx_word' id='word_1_121' title='bbox 385 1037 522 1077; x_wconf 89' lang='lat' dir='ltr'>neque</span> <span class='ocrx_word' id='word_1_122' title='bbox 554 1023 606 1063; x_wconf 91' lang='lat' dir='ltr'>iis</span> <span class='ocrx_word' id='word_1_123' title='bbox 644 1022 889 1077; x_wconf 89' lang='lat' dir='ltr'>pecuniam,</span> <span class='ocrx_word' id='word_1_124' title='bbox 928 1037 1055 1076; x_wconf 88' lang='lat' dir='ltr'>quam</span> <span class='ocrx_word' id='word_1_125' title='bbox 1087 1037 1165 1077; x_wconf 93' lang='lat' dir='ltr'>pro</span> <span class='ocrx_word' id='word_1_126' title='bbox 1197 1022 1400 1064; x_wconf 89' lang='lat' dir='ltr'>libertate</span> <span class='ocrx_word' id='word_1_127' title='bbox 1432 1022 1551 1064; x_wconf 91' lang='lat' dir='ltr'>dede·</span> <span class='ocrx_word' id='word_1_128' title='bbox 1571 1035 1605 1061; x_wconf 82' lang='lat'>15</span> 
     </span>
     <span class='ocr_line' id='line_1_20' title="bbox 211 1081 1552 1136; baseline -0.001 -12"><span class='ocrx_word' id='word_1_129' title='bbox 211 1086 327 1136; x_wconf 87' lang='lat' dir='ltr'>rant,</span> <span class='ocrx_word' id='word_1_130' title='bbox 370 1082 653 1123; x_wconf 84' lang='lat' dir='ltr'>redderemus.</span> <span class='ocrx_word' id='word_1_131' title='bbox 714 1081 767 1123; x_wconf 90' lang='lat' dir='ltr'>Ei</span> <span class='ocrx_word' id='word_1_132' title='bbox 811 1083 984 1122; x_wconf 89' lang='lat' dir='ltr'>senatus</span> <span class='ocrx_word' id='word_1_133' title='bbox 1029 1083 1095 1123; x_wconf 90' lang='lat' dir='ltr'>est</span> <span class='ocrx_word' id='word_1_134' title='bbox 1140 1095 1351 1123; x_wconf 85' lang='lat' dir='ltr'>assensus.</span> <span class='ocrx_word' id='word_1_135' title='bbox 1412 1082 1552 1136; x_wconf 82' lang='lat' dir='ltr'>Turpe</span> 
     </span>
     <span class='ocr_line' id='line_1_21' title="bbox 211 1140 1551 1196; baseline -0.001 -14"><span class='ocrx_word' id='word_1_136' title='bbox 211 1141 410 1196; x_wconf 79' lang='lat' dir='ltr'>imperio!</span> <span class='ocrx_word' id='word_1_137' title='bbox 451 1141 690 1196; x_wconf 82' lang='lat' dir='ltr'>piratarum</span> <span class='ocrx_word' id='word_1_138' title='bbox 728 1140 841 1181; x_wconf 89' lang='lat' dir='ltr'>enim</span> <span class='ocrx_word' id='word_1_139' title='bbox 878 1140 1030 1181; x_wconf 90' lang='lat' dir='ltr'>melior</span> <span class='ocrx_word' id='word_1_140' title='bbox 1067 1140 1171 1181; x_wconf 88' lang='lat' dir='ltr'>fides</span> <span class='ocrx_word' id='word_1_141' title='bbox 1205 1155 1333 1194; x_wconf 90' lang='lat' dir='ltr'>quam</span> <span class='ocrx_word' id='word_1_142' title='bbox 1365 1143 1551 1182; x_wconf 87' lang='lat' dir='ltr'>senatus.</span> 
     </span>
     <span class='ocr_line' id='line_1_22' title="bbox 212 1198 1552 1255; baseline -0.001 -14"><span class='ocrx_word' id='word_1_143' title='bbox 212 1200 272 1241; x_wconf 87' lang='lat' dir='ltr'>At</span> <span class='ocrx_word' id='word_1_144' title='bbox 303 1202 428 1241; x_wconf 86' lang='lat' dir='ltr'>aucta</span> <span class='ocrx_word' id='word_1_145' title='bbox 458 1199 707 1255; x_wconf 82' lang='lat' dir='ltr'>vectigalia,</span> <span class='ocrx_word' id='word_1_146' title='bbox 738 1199 844 1240; x_wconf 88' lang='lat' dir='ltr'>utile</span> <span class='ocrx_word' id='word_1_147' title='bbox 877 1198 1023 1254; x_wconf 81' lang='lat' dir='ltr'>igitur.</span> <span class='ocrx_word' id='word_1_148' title='bbox 1073 1198 1301 1253; x_wconf 81' lang='lat' dir='ltr'>Quousque</span> <span class='ocrx_word' id='word_1_149' title='bbox 1336 1199 1552 1240; x_wconf 88' lang='lat' dir='ltr'>audebunt</span> 
     </span>
     <span class='ocr_line' id='line_1_23' title="bbox 213 1257 1552 1312; baseline -0.001 -12"><span class='ocrx_word' id='word_1_150' title='bbox 213 1259 349 1301; x_wconf 89' lang='lat' dir='ltr'>dicere</span> <span class='ocrx_word' id='word_1_151' title='bbox 394 1258 621 1312; x_wconf 91' lang='lat' dir='ltr'>quicquam</span> <span class='ocrx_word' id='word_1_152' title='bbox 658 1257 782 1312; x_wconf 87' lang='lat' dir='ltr'>utile,</span> <span class='ocrx_word' id='word_1_153' title='bbox 826 1258 939 1312; x_wconf 89' lang='lat' dir='ltr'>quod</span> <span class='ocrx_word' id='word_1_154' title='bbox 981 1272 1067 1299; x_wconf 86' lang='lat' dir='ltr'>non</span> <span class='ocrx_word' id='word_1_155' title='bbox 1104 1257 1362 1298; x_wconf 75' lang='lat' dir='ltr'>honestum?</span> <span class='ocrx_word' id='word_1_156' title='bbox 1406 1261 1552 1312; x_wconf 89' lang='lat' dir='ltr'>potest</span> 
     </span>
     <span class='ocr_line' id='line_1_24' title="bbox 212 1316 1604 1372; baseline -0.004 -13"><span class='ocrx_word' id='word_1_157' title='bbox 212 1320 356 1359; x_wconf 88' lang='lat' dir='ltr'>autem</span> <span class='ocrx_word' id='word_1_158' title='bbox 387 1317 465 1358; x_wconf 91' lang='lat' dir='ltr'>ulli</span> <span class='ocrx_word' id='word_1_159' title='bbox 495 1316 688 1372; x_wconf 89' lang='lat' dir='ltr'>imperio,</span> <span class='ocrx_word' id='word_1_160' title='bbox 721 1316 832 1371; x_wconf 90' lang='lat' dir='ltr'>quod</span> <span class='ocrx_word' id='word_1_161' title='bbox 866 1317 1006 1370; x_wconf 74' lang='lat' dir='ltr'>gloria</span> <span class='ocrx_word' id='word_1_162' title='bbox 1038 1316 1164 1357; x_wconf 88' lang='lat' dir='ltr'>debet</span> <span class='ocrx_word' id='word_1_163' title='bbox 1194 1316 1353 1357; x_wconf 81' lang='lat' dir='ltr'>fultum</span> <span class='ocrx_word' id='word_1_164' title='bbox 1385 1331 1477 1358; x_wconf 90' lang='lat' dir='ltr'>esse</span> <span class='ocrx_word' id='word_1_165' title='bbox 1509 1319 1551 1358; x_wconf 90' lang='lat' dir='ltr'>et</span> <span class='ocrx_word' id='word_1_166' title='bbox 1571 1329 1604 1354; x_wconf 81' lang='lat'>20</span> 
     </span>
     <span class='ocr_line' id='line_1_25' title="bbox 210 1374 1551 1429; baseline -0.001 -11"><span class='ocrx_word' id='word_1_167' title='bbox 210 1376 501 1418; x_wconf 87' lang='lat' dir='ltr'>benivolentia</span> <span class='ocrx_word' id='word_1_168' title='bbox 537 1375 769 1429; x_wconf 84' lang='lat' dir='ltr'>sociorum,</span> <span class='ocrx_word' id='word_1_169' title='bbox 806 1376 914 1416; x_wconf 85' lang='lat' dir='ltr'>utile</span> <span class='ocrx_word' id='word_1_170' title='bbox 952 1389 1044 1416; x_wconf 88' lang='lat' dir='ltr'>esse</span> <span class='ocrx_word' id='word_1_171' title='bbox 1083 1375 1231 1421; x_wconf 61' lang='lat' dir='ltr'>odium,</span> <span class='ocrx_word' id='word_1_172' title='bbox 1264 1377 1308 1416; x_wconf 89' lang='lat' dir='ltr'>et</span> <span class='ocrx_word' id='word_1_173' title='bbox 1343 1374 1551 1416; x_wconf 76' lang='lat' dir='ltr'>infamia?</span> 
     </span>
     <span class='ocr_line' id='line_1_26' title="bbox 209 1433 1551 1491; baseline -0.002 -14"><span class='ocrx_word' id='word_1_174' title='bbox 209 1435 306 1491; x_wconf 81' lang='lat' dir='ltr'>Ego</span> <span class='ocrx_word' id='word_1_175' title='bbox 352 1434 481 1476; x_wconf 86' lang='lat' dir='ltr'>etiam</span> <span class='ocrx_word' id='word_1_176' title='bbox 526 1449 622 1476; x_wconf 90' lang='lat' dir='ltr'>cum</span> <span class='ocrx_word' id='word_1_177' title='bbox 665 1433 830 1476; x_wconf 87' lang='lat' dir='ltr'>Catone</span> <span class='ocrx_word' id='word_1_178' title='bbox 874 1448 968 1475; x_wconf 89' lang='lat' dir='ltr'>meo</span> <span class='ocrx_word' id='word_1_179' title='bbox 1013 1448 1138 1489; x_wconf 76' lang='lat' dir='ltr'>saepe</span> <span class='ocrx_word' id='word_1_180' title='bbox 1182 1433 1380 1488; x_wconf 84' lang='lat' dir='ltr'>dissensi3</span> <span class='ocrx_word' id='word_1_181' title='bbox 1423 1434 1551 1475; x_wconf 90' lang='lat' dir='ltr'>nimis</span> 
     </span>
     <span class='ocr_line' id='line_1_27' title="bbox 211 1492 1551 1548; baseline -0.001 -13"><span class='ocrx_word' id='word_1_182' title='bbox 211 1494 318 1535; x_wconf 83' lang='lat' dir='ltr'>inihi</span> <span class='ocrx_word' id='word_1_183' title='bbox 354 1493 593 1548; x_wconf 80' lang='lat' dir='ltr'>praefracte</span> <span class='ocrx_word' id='word_1_184' title='bbox 630 1492 857 1534; x_wconf 86' lang='lat' dir='ltr'>videbatur</span> <span class='ocrx_word' id='word_1_185' title='bbox 892 1493 1103 1534; x_wconf 89' lang='lat' dir='ltr'>aerarium</span> <span class='ocrx_word' id='word_1_186' title='bbox 1138 1492 1452 1548; x_wconf 81' lang='lat' dir='ltr'>vectigaliaque</span> <span class='ocrx_word' id='word_1_187' title='bbox 1484 1492 1551 1534; x_wconf 91' lang='lat' dir='ltr'>de-</span> 
     </span>
     <span class='ocr_line' id='line_1_28' title="bbox 209 1551 1562 1607; baseline -0.001 -13"><span class='ocrx_word' id='word_1_188' title='bbox 209 1553 399 1606; x_wconf 82' lang='lat' dir='ltr'>fendere,</span> <span class='ocrx_word' id='word_1_189' title='bbox 438 1553 582 1594; x_wconf 89' lang='lat' dir='ltr'>omnia</span> <span class='ocrx_word' id='word_1_190' title='bbox 611 1551 852 1606; x_wconf 84' lang='lat' dir='ltr'>publicanis</span> <span class='ocrx_word' id='word_1_191' title='bbox 883 1565 1059 1607; x_wconf 80' lang='lat' dir='ltr'>negare,</span> <span class='ocrx_word' id='word_1_192' title='bbox 1096 1552 1235 1592; x_wconf 86' lang='lat' dir='ltr'>multa</span> <span class='ocrx_word' id='word_1_193' title='bbox 1272 1551 1417 1606; x_wconf 89' lang='lat' dir='ltr'>sociis,</span> <span class='ocrx_word' id='word_1_194' title='bbox 1455 1566 1562 1602; x_wconf 28' lang='lat' dir='ltr'>cum,</span> 
     </span>
     <span class='ocr_line' id='line_1_29' title="bbox 209 1610 1603 1666; baseline -0.001 -13"><span class='ocrx_word' id='word_1_195' title='bbox 209 1613 255 1653; x_wconf 90' lang='lat' dir='ltr'>in</span> <span class='ocrx_word' id='word_1_196' title='bbox 285 1611 364 1653; x_wconf 89' lang='lat' dir='ltr'>hos</span> <span class='ocrx_word' id='word_1_197' title='bbox 396 1611 576 1652; x_wconf 88' lang='lat' dir='ltr'>benefici</span> <span class='ocrx_word' id='word_1_198' title='bbox 614 1625 706 1652; x_wconf 85' lang='lat' dir='ltr'>esse</span> <span class='ocrx_word' id='word_1_199' title='bbox 744 1610 1013 1664; x_wconf 75' lang='lat' dir='ltr'>deberemus,</span> <span class='ocrx_word' id='word_1_200' title='bbox 1052 1625 1148 1653; x_wconf 88' lang='lat' dir='ltr'>cum</span> <span class='ocrx_word' id='word_1_201' title='bbox 1185 1610 1274 1651; x_wconf 91' lang='lat' dir='ltr'>illis</span> <span class='ocrx_word' id='word_1_202' title='bbox 1313 1610 1372 1652; x_wconf 88' lang='lat' dir='ltr'>sic</span> <span class='ocrx_word' id='word_1_203' title='bbox 1410 1624 1548 1666; x_wconf 84' lang='lat' dir='ltr'>agere,</span> <span class='ocrx_word' id='word_1_204' title='bbox 1569 1621 1603 1646; x_wconf 83' lang='lat'>2⁵</span> 
     </span>
     <span class='ocr_line' id='line_1_30' title="bbox 209 1669 1549 1724; baseline -0.001 -12"><span class='ocrx_word' id='word_1_205' title='bbox 209 1674 259 1712; x_wconf 87' lang='lat' dir='ltr'>ut</span> <span class='ocrx_word' id='word_1_206' title='bbox 290 1684 387 1712; x_wconf 87' lang='lat' dir='ltr'>eum</span> <span class='ocrx_word' id='word_1_207' title='bbox 418 1669 580 1711; x_wconf 88' lang='lat' dir='ltr'>colonis</span> <span class='ocrx_word' id='word_1_208' title='bbox 611 1669 772 1711; x_wconf 88' lang='lat' dir='ltr'>nostris</span> <span class='ocrx_word' id='word_1_209' title='bbox 805 1669 1050 1723; x_wconf 87' lang='lat' dir='ltr'>soleremus,</span> <span class='ocrx_word' id='word_1_210' title='bbox 1083 1683 1216 1724; x_wconf 91' lang='lat' dir='ltr'>eoque</span> <span class='ocrx_word' id='word_1_211' title='bbox 1248 1669 1406 1724; x_wconf 81' lang='lat' dir='ltr'>magis,</span> <span class='ocrx_word' id='word_1_212' title='bbox 1438 1669 1549 1724; x_wconf 89' lang='lat' dir='ltr'>quod</span> 
     </span>
     <span class='ocr_line' id='line_1_31' title="bbox 209 1728 1551 1783; baseline -0.001 -13"><span class='ocrx_word' id='word_1_213' title='bbox 209 1729 288 1770; x_wconf 88' lang='lat' dir='ltr'>illa</span> <span class='ocrx_word' id='word_1_214' title='bbox 325 1728 521 1770; x_wconf 87' lang='lat' dir='ltr'>ordinum</span> <span class='ocrx_word' id='word_1_215' title='bbox 559 1728 800 1770; x_wconf 85' lang='lat' dir='ltr'>coniunctio</span> <span class='ocrx_word' id='word_1_216' title='bbox 839 1728 892 1769; x_wconf 87' lang='lat' dir='ltr'>ad</span> <span class='ocrx_word' id='word_1_217' title='bbox 925 1728 1107 1769; x_wconf 85' lang='lat' dir='ltr'>salutem</span> <span class='ocrx_word' id='word_1_218' title='bbox 1140 1728 1201 1769; x_wconf 88' lang='lat' dir='ltr'>rei</span> <span class='ocrx_word' id='word_1_219' title='bbox 1231 1728 1427 1783; x_wconf 87' lang='lat' dir='ltr'>publicae</span> <span class='ocrx_word' id='word_1_220' title='bbox 1459 1742 1551 1782; x_wconf 89' lang='lat' dir='ltr'>per-</span> 
     </span>
     <span class='ocr_line' id='line_1_32' title="bbox 211 1786 1550 1841; baseline -0.001 -12"><span class='ocrx_word' id='word_1_221' title='bbox 211 1788 389 1829; x_wconf 86' lang='lat' dir='ltr'>tinebat.</span> <span class='ocrx_word' id='word_1_222' title='bbox 450 1787 564 1828; x_wconf 89' lang='lat' dir='ltr'>Male</span> <span class='ocrx_word' id='word_1_223' title='bbox 600 1787 731 1828; x_wconf 89' lang='lat' dir='ltr'>etiam</span> <span class='ocrx_word' id='word_1_224' title='bbox 762 1786 909 1839; x_wconf 83' lang='lat' dir='ltr'>Curio,</span> <span class='ocrx_word' id='word_1_225' title='bbox 946 1801 1042 1829; x_wconf 91' lang='lat' dir='ltr'>cum</span> <span class='ocrx_word' id='word_1_226' title='bbox 1080 1801 1253 1828; x_wconf 86' lang='lat' dir='ltr'>causam</span> <span class='ocrx_word' id='word_1_227' title='bbox 1285 1786 1550 1841; x_wconf 86' lang='lat' dir='ltr'>Transpada-</span> 
     </span>
     <span class='ocr_line' id='line_1_33' title="bbox 210 1845 1549 1901; baseline -0.001 -14"><span class='ocrx_word' id='word_1_228' title='bbox 210 1861 363 1888; x_wconf 84' lang='lat' dir='ltr'>norum</span> <span class='ocrx_word' id='word_1_229' title='bbox 396 1861 577 1900; x_wconf 88' lang='lat' dir='ltr'>aequam</span> <span class='ocrx_word' id='word_1_230' title='bbox 609 1860 700 1887; x_wconf 88' lang='lat' dir='ltr'>esse</span> <span class='ocrx_word' id='word_1_231' title='bbox 739 1845 923 1899; x_wconf 87' lang='lat' dir='ltr'>dicebat,</span> <span class='ocrx_word' id='word_1_232' title='bbox 963 1860 1129 1901; x_wconf 86' lang='lat' dir='ltr'>semper</span> <span class='ocrx_word' id='word_1_233' title='bbox 1167 1848 1310 1887; x_wconf 83' lang='lat' dir='ltr'>autem</span> <span class='ocrx_word' id='word_1_234' title='bbox 1348 1845 1549 1892; x_wconf 84' lang='lat' dir='ltr'>addebat:</span> 
     </span>
     <span class='ocr_line' id='line_1_34' title="bbox 211 1904 1603 1959; baseline -0.001 -13"><span class='ocrx_word' id='word_1_235' title='bbox 211 1905 420 1947; x_wconf 74' lang='lat' dir='ltr'>‘Vincat</span> <span class='ocrx_word' id='word_1_236' title='bbox 450 1904 700 1946; x_wconf 81' lang='lat' dir='ltr'>utilitas!’</span> <span class='ocrx_word' id='word_1_237' title='bbox 751 1904 899 1946; x_wconf 88' lang='lat' dir='ltr'>Potius</span> <span class='ocrx_word' id='word_1_238' title='bbox 933 1904 1103 1946; x_wconf 86' lang='lat' dir='ltr'>doceret</span> <span class='ocrx_word' id='word_1_239' title='bbox 1127 1919 1214 1946; x_wconf 87' lang='lat' dir='ltr'>non</span> <span class='ocrx_word' id='word_1_240' title='bbox 1239 1918 1330 1946; x_wconf 90' lang='lat' dir='ltr'>esse</span> <span class='ocrx_word' id='word_1_241' title='bbox 1356 1919 1549 1959; x_wconf 88' lang='lat' dir='ltr'>aequam,</span> <span class='ocrx_word' id='word_1_242' title='bbox 1570 1916 1603 1941; x_wconf 84' lang='lat'>30</span> 
     </span>
     <span class='ocr_line' id='line_1_35' title="bbox 211 1963 1549 2018; baseline -0.001 -13"><span class='ocrx_word' id='word_1_243' title='bbox 211 1964 312 2018; x_wconf 86' lang='lat' dir='ltr'>quia</span> <span class='ocrx_word' id='word_1_244' title='bbox 342 1979 428 2006; x_wconf 89' lang='lat' dir='ltr'>non</span> <span class='ocrx_word' id='word_1_245' title='bbox 460 1966 574 2005; x_wconf 88' lang='lat' dir='ltr'>esset</span> <span class='ocrx_word' id='word_1_246' title='bbox 604 1963 724 2005; x_wconf 87' lang='lat' dir='ltr'>utilis</span> <span class='ocrx_word' id='word_1_247' title='bbox 756 1963 818 2004; x_wconf 85' lang='lat' dir='ltr'>rei</span> <span class='ocrx_word' id='word_1_248' title='bbox 848 1963 1066 2018; x_wconf 83' lang='lat' dir='ltr'>publicae,</span> <span class='ocrx_word' id='word_1_249' title='bbox 1099 1978 1239 2017; x_wconf 88' lang='lat' dir='ltr'>quam,</span> <span class='ocrx_word' id='word_1_250' title='bbox 1271 1978 1366 2004; x_wconf 88' lang='lat' dir='ltr'>cum</span> <span class='ocrx_word' id='word_1_251' title='bbox 1398 1963 1549 2004; x_wconf 89' lang='lat' dir='ltr'>utilem</span> 
     </span>
     <span class='ocr_line' id='line_1_36' title="bbox 209 2022 1213 2077; baseline -0.002 -13"><span class='ocrx_word' id='word_1_252' title='bbox 209 2037 296 2064; x_wconf 89' lang='lat' dir='ltr'>non</span> <span class='ocrx_word' id='word_1_253' title='bbox 329 2037 420 2064; x_wconf 88' lang='lat' dir='ltr'>esse</span> <span class='ocrx_word' id='word_1_254' title='bbox 454 2023 624 2076; x_wconf 85' lang='lat' dir='ltr'>diceret,</span> <span class='ocrx_word' id='word_1_255' title='bbox 656 2036 748 2063; x_wconf 89' lang='lat' dir='ltr'>esse</span> <span class='ocrx_word' id='word_1_256' title='bbox 781 2037 961 2077; x_wconf 89' lang='lat' dir='ltr'>aequam</span> <span class='ocrx_word' id='word_1_257' title='bbox 993 2022 1213 2063; x_wconf 85' lang='lat' dir='ltr'>fateretur.</span> 
     </span>
    </p>

    <p class='ocr_par' dir='ltr' id='par_1_5' title="bbox 204 2080 1602 2371">
     <span class='ocr_line' id='line_1_37' title="bbox 298 2080 1549 2123; baseline 0 -1"><span class='ocrx_word' id='word_1_258' title='bbox 298 2080 455 2122; x_wconf 86' lang='lat' dir='ltr'>Plenus</span> <span class='ocrx_word' id='word_1_259' title='bbox 489 2085 554 2123; x_wconf 89' lang='lat' dir='ltr'>est</span> <span class='ocrx_word' id='word_1_260' title='bbox 581 2083 725 2122; x_wconf 85' lang='lat' dir='ltr'>sextus</span> <span class='ocrx_word' id='word_1_261' title='bbox 752 2081 861 2122; x_wconf 86' lang='lat' dir='ltr'>liber</span> <span class='ocrx_word' id='word_1_262' title='bbox 887 2081 937 2122; x_wconf 90' lang='lat' dir='ltr'>de</span> <span class='ocrx_word' id='word_1_263' title='bbox 964 2080 1115 2122; x_wconf 89' lang='lat' dir='ltr'>officiis</span> <span class='ocrx_word' id='word_1_264' title='bbox 1135 2080 1370 2122; x_wconf 82' lang='lat' dir='ltr'>Hecatonis</span> <span class='ocrx_word' id='word_1_265' title='bbox 1395 2080 1549 2122; x_wconf 88' lang='lat' dir='ltr'>talium</span> 
     </span>
     <span class='ocr_line' id='line_1_38' title="bbox 211 2139 1549 2194; baseline -0.001 -13"><span class='ocrx_word' id='word_1_266' title='bbox 211 2140 527 2194; x_wconf 85' lang='lat' dir='ltr'>quaestionum:</span> <span class='ocrx_word' id='word_1_267' title='bbox 569 2139 696 2181; x_wconf 77' lang='lat' dir='ltr'>‘sitne</span> <span class='ocrx_word' id='word_1_268' title='bbox 728 2140 830 2181; x_wconf 88' lang='lat' dir='ltr'>boni</span> <span class='ocrx_word' id='word_1_269' title='bbox 860 2140 942 2180; x_wconf 85' lang='lat' dir='ltr'>viri</span> <span class='ocrx_word' id='word_1_270' title='bbox 972 2139 1017 2180; x_wconf 90' lang='lat' dir='ltr'>in</span> <span class='ocrx_word' id='word_1_271' title='bbox 1047 2140 1234 2181; x_wconf 82' lang='lat' dir='ltr'>maxima</span> <span class='ocrx_word' id='word_1_272' title='bbox 1266 2140 1446 2181; x_wconf 87' lang='lat' dir='ltr'>caritate</span> <span class='ocrx_word' id='word_1_273' title='bbox 1479 2154 1549 2181; x_wconf 90' lang='lat' dir='ltr'>an—</span> 
     </span>
     <span class='ocr_line' id='line_1_39' title="bbox 208 2197 1602 2253; baseline -0.001 -13"><span class='ocrx_word' id='word_1_274' title='bbox 208 2213 347 2240; x_wconf 89' lang='lat' dir='ltr'>nonae</span> <span class='ocrx_word' id='word_1_275' title='bbox 366 2198 577 2240; x_wconf 83' lang='lat' dir='ltr'>familiam</span> <span class='ocrx_word' id='word_1_276' title='bbox 596 2213 682 2240; x_wconf 87' lang='lat' dir='ltr'>non</span> <span class='ocrx_word' id='word_1_277' title='bbox 703 2197 842 2240; x_wconf 85' lang='lat' dir='ltr'>alere’.</span> <span class='ocrx_word' id='word_1_278' title='bbox 885 2198 936 2239; x_wconf 89' lang='lat' dir='ltr'>In</span> <span class='ocrx_word' id='word_1_279' title='bbox 961 2200 1186 2252; x_wconf 86' lang='lat' dir='ltr'>utramque</span> <span class='ocrx_word' id='word_1_280' title='bbox 1212 2202 1381 2253; x_wconf 86' lang='lat' dir='ltr'>partem</span> <span class='ocrx_word' id='word_1_281' title='bbox 1409 2198 1548 2253; x_wconf 90' lang='lat' dir='ltr'>dispu-</span> <span class='ocrx_word' id='word_1_282' title='bbox 1568 2209 1602 2234; x_wconf 79' lang='lat'>85</span> 
     </span>
     <span class='ocr_line' id='line_1_40' title="bbox 209 2256 1550 2312; baseline 0 -14"><span class='ocrx_word' id='word_1_283' title='bbox 209 2260 293 2311; x_wconf 86' lang='lat' dir='ltr'>tat,</span> <span class='ocrx_word' id='word_1_284' title='bbox 325 2257 397 2298; x_wconf 90' lang='lat' dir='ltr'>sed</span> <span class='ocrx_word' id='word_1_285' title='bbox 429 2260 575 2299; x_wconf 89' lang='lat' dir='ltr'>tamen</span> <span class='ocrx_word' id='word_1_286' title='bbox 606 2257 659 2298; x_wconf 87' lang='lat' dir='ltr'>ad</span> <span class='ocrx_word' id='word_1_287' title='bbox 691 2260 928 2298; x_wconf 82' lang='lat' dir='ltr'>extremum</span> <span class='ocrx_word' id='word_1_288' title='bbox 961 2257 1167 2311; x_wconf 86' lang='lat' dir='ltr'>utilitate,</span> <span class='ocrx_word' id='word_1_289' title='bbox 1205 2260 1254 2298; x_wconf 88' lang='lat' dir='ltr'>ut</span> <span class='ocrx_word' id='word_1_290' title='bbox 1284 2259 1427 2312; x_wconf 89' lang='lat' dir='ltr'>putat,</span> <span class='ocrx_word' id='word_1_291' title='bbox 1460 2256 1550 2299; x_wconf 89' lang='lat' dir='ltr'>offi-</span> 
     </span>
     <span class='ocr_line' id='line_1_41' title="bbox 204 2315 1551 2371; baseline -0.001 -14"><span class='ocrx_word' id='word_1_292' title='bbox 204 2316 321 2358; x_wconf 78' lang='lat' dir='ltr'>cium</span> <span class='ocrx_word' id='word_1_293' title='bbox 354 2316 510 2371; x_wconf 80' lang='lat' dir='ltr'>derigit</span> <span class='ocrx_word' id='word_1_294' title='bbox 542 2316 682 2371; x_wconf 74' lang='lat' dir='ltr'>magis</span> <span class='ocrx_word' id='word_1_295' title='bbox 715 2331 842 2370; x_wconf 86' lang='lat' dir='ltr'>quam</span> <span class='ocrx_word' id='word_1_296' title='bbox 874 2316 1154 2357; x_wconf 86' lang='lat' dir='ltr'>humanitate.</span> <span class='ocrx_word' id='word_1_297' title='bbox 1217 2315 1404 2370; x_wconf 80' lang='lat' dir='ltr'>Quaerit,</span> <span class='ocrx_word' id='word_1_298' title='bbox 1437 2315 1474 2356; x_wconf 91' lang='lat' dir='ltr'>si</span> <span class='ocrx_word' id='word_1_299' title='bbox 1504 2316 1551 2357; x_wconf 90' lang='lat' dir='ltr'>in</span> 
     </span>
    </p>
   </div>
  </div>
 </body>
</html>
