1673 2505
362 74 639 112 POEMATUM.
665 75 709 112 Η.
737 76 785 110 IV
811 87 834 110 a
859 88 890 111 v.
919 81 1114 113 613-686.
1326 80 1409 120 379

75 184 285 238 Persaepe
316 185 365 224 ut
397 198 576 237 parvum
608 186 785 224 tranans
813 184 1096 239 geminaverit
1122 186 1280 227 orbem.
1343 198 1410 229 650

74 242 156 284 Hic
188 255 321 297 genus
354 243 396 282 et
429 255 573 283 suram
605 256 700 283 cum
733 241 878 284 Chelis
911 243 1039 298 erigit
1071 243 1175 298 alte,

73 300 170 355 Ipse
203 302 345 341 autem
376 314 580 355 praeceps
613 301 794 342 obscura
824 304 950 343 nocte
981 304 1169 356 tenetur,

35 359 188 402 5Dum
218 357 342 413 Nepa
374 361 416 399 et
448 358 702 400 Arcitenens
735 360 924 401 invisant
954 360 1119 402 lumina
1150 361 1275 415 caeli;

72 416 184 458 Nam
217 431 359 458 secum
392 417 578 458 medium
610 418 768 472 pandet
799 418 938 473 Nepa,
970 420 1124 461 tollere
1156 434 1256 461 vero

71 475 121 516 In
153 475 319 517 caelum
350 478 491 517 totum
524 476 716 517 exoriens
750 478 975 518 conabitur
1006 478 1157 519 Arcus.
1344 490 1410 521 655

72 533 152 575 Hic
183 534 323 575 tribus
357 534 496 575 clatus
528 549 624 575 cum
657 535 791 590 signis
824 550 1000 591 corpore
1031 539 1126 579 toto

71 592 219 646 Lucet,
252 595 297 633 at
329 593 518 634 exoritur
550 593 689 634 media
722 594 771 635 de
802 598 925 649 parte
959 594 1145 649 Corona,

30 649 300 705 OCaudaque
333 650 536 693 Centauri
569 655 759 694 extremo
792 653 973 695 candore
1005 653 1204 710 refulget.

70 709 152 751 Hic
184 724 228 751 se
259 710 346 751 iam
378 712 517 751 totum
552 725 698 752 caecas
729 711 878 766 Equus
910 712 1031 753 abdit
1061 713 1106 754 in
1138 712 1330 766 umbras,

70 767 203 816 Quem
235 768 366 810 rutila
397 768 569 825 fulgens
600 770 750 824 pluma
780 772 1073 825 praetervolat
1104 771 1221 812 Ales.
1342 782 1410 813 660

69 827 234 868 Occidit
265 827 564 869 Andromedae
596 829 759 870 clarum
792 832 937 884 eaput,
971 833 1013 871 et
1044 830 1135 871 fera
1166 829 1326 871 Pistrix

68 885 249 927 Labitur
281 886 501 928 horribilis
534 888 683 942 epulas
714 887 886 929 funesta
917 890 1150 943 requirens.

30 944 192 986 5Hanc
223 947 373 986 contra
405 944 599 1000 Cepheus
631 961 716 988 non
749 950 888 988 cessat
918 948 1092 989 tendere
1123 948 1309 1003 palmas3

68 1003 152 1044 Illa
182 1018 316 1057 usque
349 1004 402 1045 ad
434 1004 601 1059 spinam
633 1020 831 1061 mergens
864 1020 908 1047 se
939 1006 1110 1047 caerula
1142 1007 1298 1048 condit.

67 1062 129 1103 At
144 1061 338 1117 Cepheus
359 1066 488 1117 caput
509 1066 636 1117 atque
656 1079 825 1106 umeros
844 1065 1097 1120 palmasque
1118 1066 1310 1107 reclinat.
1343 1076 1409 1107 665

128 1119 236 1162 Cum
268 1136 369 1162 vero
402 1122 466 1162 vis
499 1125 564 1162 est
596 1122 822 1164 vehemens
855 1126 1005 1165 exorta
1036 1123 1215 1179 Nepai,

68 1179 175 1221 Late
204 1179 302 1221 fusa
334 1179 470 1234 volat3
500 1182 546 1221 iu
579 1184 707 1223 terras
739 1182 890 1223 labitur
919 1183 1050 1233 unda,

70 1238 274 1292 Orionque
303 1242 411 1280 metu
434 1240 648 1292 perculsus
678 1242 864 1282 conditur
892 1255 990 1282 uua.

67 1297 174 1339 Pace
203 1297 326 1339 huius
358 1298 475 1339 liceat
503 1312 670 1340 causam
701 1300 935 1352 explicuisse
965 1301 1140 1351 timoris,

75 1355 215 1410 Vimo,
246 1360 339 1406 tua,·
370 1357 491 1411 mihi,
520 1371 683 1410 quaeso,
714 1359 804 1399 veui
827 1359 1012 1412 placata,
1045 1359 1202 1402 Diana.
1341 1370 1408 1401 6ῖο

67 1415 183 1456 Haec
205 1415 323 1467 fama
348 1419 405 1457 est
427 1416 650 1470 hominum,
680 1417 776 1458 haec
799 1432 876 1472 per
900 1420 1039 1459 terras
1065 1417 1182 1459 fama
1207 1420 1408 1474 vagatur:

27 1472 129 1515 OUt
161 1474 375 1528 quondam
408 1473 541 1516 Orion
572 1475 769 1516 manibus
802 1476 986 1517 violasse
1019 1476 1203 1518 Dianam

66 1532 237 1574 Dicitur
269 1533 446 1574 excelsis
480 1548 626 1575 errans
657 1534 703 1575 in
735 1535 917 1576 collibus
950 1550 1114 1588 amens,

67 1591 182 1640 Quos
214 1594 332 1632 tenet
364 1591 538 1647 Aegaeo
571 1593 708 1634 defixa
739 1594 784 1634 in
816 1594 988 1649 gurgite
1021 1593 1170 1646 Chius,

65 1649 277 1692 Bacchica
310 1665 438 1705 quam
470 1651 595 1692 viridi
628 1653 838 1694 convestit
869 1653 1059 1709 tegmine
1091 1653 1205 1694 vitis.
1341 1663 1408 1695 (375

65 1708 146 1750 Ille
175 1709 290 1750 feras
323 1724 495 1751 vaecors
527 1710 689 1752 amenti
719 1711 843 1752 corde
873 1712 1056 1753 necabat

27 1767 328 1823 50enopionis
362 1783 489 1810 avens
522 1769 670 1823 epulas
702 1784 854 1811 ornare
884 1771 1074 1811 nitentis.

66 1826 127 1868 At
158 1841 259 1868 vero
292 1827 471 1881 pedibus
505 1828 648 1870 subito
680 1843 883 1884 percussa
913 1829 1078 1871 Dianae

64 1885 214 1927 Insula
246 1886 444 1928 discessit
476 1886 736 1942 disiectaque
769 1903 872 1929 saxa
903 1889 1116 1930 revellens

65 1943 254 1987 Perculit
286 1947 329 1986 et
361 1960 507 1988 caecas
539 1946 743 1988 lustravit
773 1948 866 1989 luce
898 1947 1092 2001 lacunas;
1340 1958 1409 1990 680

64 2002 100 2044 Ε
135 2004 289 2058 quibus
320 2003 487 2060 ingenti
519 2005 665 2046 existit
697 2021 793 2047 cum
824 2021 1002 2061 corpore
1033 2020 1136 2061 prae
1167 2020 1213 2048 se

25 2060 265 2117 OScorpios
297 2062 480 2105 infestus
512 2067 796 2119 praeportans
827 2065 971 2106 flebile
1004 2079 1192 2107 acumen.

65 2120 149 2163 Hic
179 2121 321 2163 valido
354 2122 504 2177 cupide
537 2126 765 2165 venantem
797 2124 981 2179 perculit
1012 2124 1101 2166 ictu

63 2178 332 2221 Mortiferum
365 2180 410 2221 in
441 2196 569 2223 venas
600 2182 782 2224 fundens
814 2198 891 2238 per
921 2183 1100 2225 vulnera
1131 2183 1259 2224 virus.

62 2237 144 2279 Ille
176 2239 299 2295 gravi
331 2239 516 2282 moriens
549 2242 786 2283 constravit
818 2257 996 2297 corpore
1027 2245 1200 2283 terram.
1339 2253 1407 2284 685

63 2296 216 2353 Quare,
249 2313 346 2340 cum
377 2299 546 2355 magnis
580 2314 672 2342 sese
703 2300 827 2357 Nepa
859 2301 1026 2342 lucibus
1059 2302 1194 2356 effert,
