1673 2505
263 80 347 120 374
776 79 1075 115 FRAGMENTA

320 186 438 228 Haec
470 189 586 241 sunt,
620 201 726 241 quae
758 187 899 228 visens
929 189 1139 228 nocturno
1171 189 1366 242 tempore
1398 188 1522 243 signa

264 246 579 299 Aeternumque
610 246 758 286 volens
790 245 937 286 mundi
967 259 1218 299 pernoscere
1249 248 1415 287 motum

163 310 245 345 225
261 304 476 359 Legitimo
509 318 654 345 cernes
687 303 852 344 caelum
883 303 1117 344 lustrantia
1148 318 1284 345 cursu.

260 363 374 404 Nam
406 377 513 417 quae
544 377 619 416 per
650 361 716 402 bis
750 376 822 402 sex
855 361 1076 416 signorum
1106 362 1244 403 labier
1276 363 1424 405 orbem
1529 374 1596 406 470

262 420 456 475 Quinque
489 421 629 461 solent
662 420 831 474 stellae,
864 420 995 461 simili
1025 420 1192 461 ratione
1222 422 1366 463 notari

261 479 360 520 Non
390 481 590 533 possunt,
622 479 739 532 quia,
773 493 880 532 quae
910 479 1075 520 faciunt
1106 478 1291 533 vestigia
1322 494 1466 535 cursu,

261 537 361 579 Non
393 538 540 579 eodem
573 551 739 591 semper
771 537 912 591 spatio
944 537 1130 592 protrita
1161 539 1368 580 teruntur.

165 595 331 637 25305310
363 596 530 637 malunt
563 610 703 636 errare
735 610 870 650 vagae
902 610 978 650 per
1009 596 1158 637 nubila
1189 596 1296 637 caeli

262 654 405 708 Atque
438 669 536 696 suos
569 654 687 695 vario
721 657 841 695 motu
872 654 1062 695 metirier
1094 654 1229 696 orbes.
1529 667 1595 697 475

262 713 355 754 Hae
385 713 549 754 faciunt
580 727 761 768 magnos
793 712 1018 768 longinqui
1049 713 1256 767 temporis
1289 728 1441 768 annos,

263 771 370 813 Cum
401 772 580 812 redeunt
612 772 665 812 ad
696 771 808 812 idem
839 772 946 813 caeli
977 772 1056 813 sub
1088 772 1278 827 tegmine
1310 772 1498 828 signum,

263 830 451 878 Quarum
484 844 562 885 ego
594 844 706 871 nunc
736 844 899 884 nequeo
918 834 1058 873 tortos
1080 830 1275 871 evolvere
1308 845 1474 885 cursus,

165 894 244 932 235
264 889 423 930 Verum
456 889 577 940 haec,
611 903 718 943 quae
751 903 918 943 semper
950 891 1065 930 certo
1096 889 1328 930 volvuntur
1360 889 1405 931 in
1437 890 1538 931 orbe

261 946 383 1001 Fixa,
416 947 544 988 simul
576 961 756 1003 magnos
789 947 960 988 edemus
993 947 1193 1003 gentibus
1226 948 1362 989 orbes.
1528 959 1596 990 480

321 1005 533 1054 Quattuor
564 1009 737 1047 aeterno
770 1006 1004 1047 lustrantes
1037 1006 1196 1047 lumine
1228 1007 1433 1048 mundum

264 1064 399 1106 Orbes
431 1064 643 1120 stelligeri
673 1067 896 1120 portantes
929 1065 1053 1120 signa
1082 1064 1279 1106 feruntur

261 1123 463 1178 Amplexi
495 1126 632 1165 terras
665 1124 772 1165 caeli
804 1124 881 1164 sub
914 1123 1103 1178 tegmine
1134 1123 1245 1164 fulti.

164 1182 296 1224 ‘240E
331 1182 484 1236 quibus
518 1197 725 1223 annorum
758 1182 986 1223 volitantia
1017 1182 1180 1223 lumina
1209 1195 1377 1236 nosces,

262 1240 378 1289 Quae
410 1241 551 1282 densis
584 1241 785 1282 distincta
816 1241 961 1282 licebit
993 1255 1162 1281 cernere
1195 1240 1341 1296 signis.
1529 1251 1596 1281 485

261 1299 367 1340 Tam
399 1314 579 1354 magnos
613 1300 737 1341 orbes
771 1314 927 1354 magno
960 1314 1055 1340 cum
1087 1299 1247 1340 lumine
1279 1299 1393 1340 latos

259 1358 440 1400 Vinctos
471 1358 583 1399 inter
616 1373 659 1399 se
692 1361 734 1399 et
764 1358 886 1399 nodis
919 1357 1174 1399 caelestibus
1208 1359 1333 1411 aptos

262 1417 404 1471 Atque
436 1417 531 1471 pari
563 1417 702 1471 spatio
735 1417 816 1457 duo
850 1431 994 1457 cernes
1026 1431 1117 1457 esse
1150 1416 1326 1457 duobus.

163 1480 244 1517 245
262 1476 321 1517 At
353 1475 390 1516 si
419 1478 628 1517 nocturno
660 1475 882 1516 convisens
913 1477 1106 1529 tempore
1138 1475 1318 1528 caelum,

261 1533 369 1576 Cum
399 1548 535 1588 neque
567 1534 759 1589 caligans
792 1534 970 1574 detersit
1002 1533 1140 1574 sidera
1170 1533 1304 1574 nubes
1527 1544 1595 1575 490

260 1592 350 1634 Nec
380 1593 506 1647 pleno
541 1593 690 1634 stellas
723 1592 941 1647 superavit
972 1592 1132 1633 lumine
1163 1592 1302 1645 Luna,

259 1651 420 1692 Vidisti
450 1666 656 1706 maguum
688 1651 937 1692 candentem
971 1665 1139 1705 serpere
1171 1651 1345 1704 circum,

260 1710 476 1752 Lacteus
508 1710 577 1751 hic
607 1710 740 1751 nimio
772 1710 942 1765 fulgens
975 1709 1156 1751 candore
1186 1712 1375 1751 notatur.

163 1774 246 1810 250
261 1769 303 1810 Is
335 1783 422 1810 non
452 1771 707 1824 perpetuum
739 1769 938 1810 detexens
970 1768 1140 1810 conficit
1172 1768 1337 1822 orbem,

263 1828 463 1879 Quattuor
492 1828 585 1869 huic
614 1828 742 1869 similt
772 1828 941 1869 nitentes
971 1828 1072 1869 mole
1099 1828 1312 1879 fermotum
1527 1837 1594 1867 495

261 1885 343 1927 Sed
375 1886 516 1941 spatio
549 1886 733 1927 multum
766 1886 930 1940 superis
962 1888 1181 1941 praestare
1214 1886 1378 1927 duobus

261 1944 429 1986 Dicitur
461 1947 504 1986 et
534 1945 621 1986 late
653 1945 760 1986 caeli
792 1945 976 1986 lustrare
1009 1959 1223 1986 cavernas.

321 2002 510 2052 Quorum
543 2004 653 2045 alter
683 2006 867 2058 tangens
899 2003 1126 2057 Aquilonis
1159 2003 1341 2044 vertitur
1374 2018 1498 2044 auras

262 2061 348 2103 Ora
378 2064 527 2116 petens
561 2061 839 2104 Geminorum
870 2062 1087 2116 inlustria,
1119 2065 1211 2103 tum
1243 2076 1377 2118 genus
1411 2062 1564 2104 ardens

163 2120 311 2162 255111
344 2135 435 2161 sese
467 2121 655 2162 retinens
688 2121 878 2176 Aurigae
910 2123 1057 2175 portat
1087 2123 1326 2174 utrumque.
1529 2133 1596 2163 500

261 2179 385 2220 Hunc
418 2193 517 2220 sura
548 2180 670 2221 laeva
702 2179 881 2221 Perseus
914 2194 1144 2233 umeroque
1177 2179 1352 2221 sinistro

261 2237 437 2292 Tangit,
470 2240 515 2279 at
543 2238 817 2280 Andromeda
848 2238 916 2279 hic
949 2238 1098 2279 dextra
1130 2238 1179 2279 de
1211 2241 1333 2293 parte
1366 2240 1547 2293 tenetur,

262 2296 340 2339 Cui
369 2309 518 2339 manus
549 2299 604 2339 (cd
627 2297 818 2348 Boream,
850 2297 1004 2339 cubitus
1034 2298 1099 2339 ceti
1129 2300 1279 2352 spectat
1307 2298 1363 2339 aa
1385 2298 1598 2350 Austrum,
