1673 2505
531 66 632 104 CAP.
661 72 810 103 11—13.
859 71 878 110 ξ
903 71 1053 103 40—46.
1375 68 1458 110 227

118 175 339 218 distribuit
377 174 617 216 animorum
656 177 699 216 et
737 175 931 230 singulos
971 174 1164 216 adiunxit
1203 174 1255 215 ad
1288 175 1460 230 singula

118 238 247 289 atque
278 234 341 275 ita
373 233 496 288 quasi
527 233 572 274 in
603 248 774 275 currum
804 233 1099 275 universitatis
1132 233 1323 287 inposuit
1349 248 1459 275 com-

117 292 458 346 monstravitque
491 292 608 347 leges
640 292 796 333 fatales
830 306 878 334 ac
907 291 1171 334 necessarias
1202 293 1244 332 et
1271 292 1460 333 ostendit

116 352 301 406 primum
335 353 476 392 ortum
508 365 641 392 unum
673 351 764 392 fore
797 350 1012 404 omnibus,
1053 364 1234 404 eumque
1267 350 1459 391 modera-

80 422 96 448 5
116 413 208 452 tum
241 412 369 463 atque
402 411 672 450 constantem
704 423 778 451 nec
813 410 866 450 ab
904 409 994 450 ullo
1032 408 1310 461 inminutum,
1352 409 1458 450 satis

116 471 260 510 autem
292 471 335 509 et
367 468 489 522 quasi
528 468 689 522 sparsis
732 468 885 509 animis
916 467 1008 510 fore
1039 467 1104 508 uti
1136 467 1264 509 certis
1297 470 1459 522 tempo-

115 542 210 568 rum
238 526 478 568 intervallis
506 528 698 568 oreretur
725 527 904 580 animal,
937 526 1050 580 quod
1076 529 1189 568 esset
1216 526 1268 567 ad
1295 526 1458 568 cultum

116 586 291 627 deorum
329 585 628 640 aptissumum.
690 584 771 626 Sed
809 600 904 627 cum
948 585 1103 639 duplex
1148 587 1260 626 esset
1303 588 1459 626 natura

115 644 284 699 generis
321 643 515 697 humani,
555 644 614 685 sic
654 658 698 685 se
736 658 803 685 res
842 644 1048 697 habebat,
1086 646 1134 685 ut
1165 643 1458 698 praestantius

64 715 97 740 10
117 717 251 759 genus
284 705 397 744 esset
423 717 581 756 eorum,
614 703 688 757 qui
714 705 857 743 essent
882 702 1016 743 futuri
1042 702 1135 744 viri.
1180 701 1287 744 Cum
1315 705 1458 744 autem

116 762 282 804 animos
321 761 572 816 corporibus
608 761 865 803 necessitate
903 761 1148 815 insevisset,
1187 775 1367 815 cumque
1405 761 1459 802 ad

116 835 296 876 corpora
328 823 421 862 tum
453 819 638 862 accessio
670 820 810 872 fieret,
847 822 939 861 tum
973 820 1207 874 abscessio,
1247 819 1458 875 principio

114 893 285 921 necesse
330 881 422 920 erat
467 893 638 920 sensum
683 879 886 920 exsistere
930 893 1063 920 unum
1106 893 1459 933 communemque

117 938 308 979 omnium
340 938 658 979 vehementiore
691 940 813 979 motu
844 937 1076 979 cxcitatum
1104 937 1460 991 coniunctumque

65 1007 96 1033 15
116 999 308 1050 naturae,
335 996 484 1037 deinde
508 996 731 1050 voluptate
753 999 796 1037 et
821 996 1023 1037 molestia
1048 996 1232 1037 mixtum
1258 1011 1460 1049 amorem,

114 1058 214 1110 post
245 1055 355 1096 iram
387 1057 429 1096 et
461 1057 623 1096 metum
656 1057 698 1095 et
724 1055 913 1109 reliquos
940 1057 1083 1096 motus
1110 1054 1255 1108 animi,
1281 1054 1459 1096 comites

115 1114 384 1168 superiorum
417 1116 459 1154 et
497 1113 550 1154 iis
589 1113 720 1154 etiam
759 1113 999 1155 contrarios
1037 1113 1310 1167 dissidentes3
1353 1128 1459 1167 quos

116 1173 188 1227 qui
219 1172 386 1214 ratione
417 1171 587 1225 rexerit,
618 1171 730 1213 iuste
762 1171 930 1225 vixerit,
962 1171 1035 1226 qui
1067 1174 1210 1213 autem
1242 1172 1295 1213 iis
1322 1186 1366 1213 se
1394 1171 1461 1212 de-

115 1231 286 1285 diderit,
324 1230 492 1272 iniuste.
555 1230 698 1285 Atque
730 1230 822 1283 ille,
861 1231 933 1285 qui
972 1233 1086 1272 recte
1120 1233 1248 1285 atque
1280 1231 1460 1272 honeste

62 1301 94 1328 20
116 1290 372 1332 curriculum
396 1289 567 1331 vivendi
593 1304 617 1330 a
642 1291 798 1331 natura
825 1289 972 1331 datum
999 1288 1241 1343 confecerit,
1275 1289 1327 1330 ad
1352 1289 1461 1331 illud

117 1352 301 1403 astrum,
339 1363 520 1402 quocum
559 1350 685 1403 aptus
723 1348 871 1402 fuerit,
908 1351 1166 1402 revertetur3
1206 1348 1279 1403 qui
1317 1350 1460 1389 autem

115 1408 380 1449 inmoderate
406 1410 448 1448 et
473 1407 758 1462 intemperate
784 1406 950 1460 vixerit,
980 1422 1076 1448 eum
1104 1407 1312 1448 secundus
1340 1409 1459 1448 ortus

115 1467 160 1508 in
190 1467 376 1521 figuram
408 1466 661 1507 muliebrem
700 1465 950 1520 transferet,
990 1469 1049 1519 et,
1088 1466 1124 1507 si
1160 1481 1213 1507 ne
1245 1468 1339 1507 tum
1373 1466 1461 1520 qui-

117 1525 212 1566 dem
250 1525 379 1566 finem
416 1525 620 1566 vitiorum
656 1524 803 1578 faciet,
845 1524 1018 1580 gravius
1058 1525 1189 1566 etiam
1226 1524 1461 1566 iactabitur

63 1595 96 1619 25
117 1587 159 1625 et
189 1584 235 1624 in
260 1583 347 1625 suis
375 1583 566 1625 moribus
595 1583 837 1625 simillimas
862 1584 1024 1639 figuras
1050 1584 1259 1638 pecudum
1287 1586 1329 1624 et
1353 1583 1461 1625 fera-

116 1657 210 1684 rum
237 1642 522 1684 transferetur
546 1657 683 1696 neque
709 1642 942 1683 terminum
967 1642 1180 1683 malorum
1206 1642 1324 1697 prius
1352 1643 1461 1697 aspi-

116 1701 210 1755 ciet,
238 1716 366 1755 quam
386 1701 509 1742 illam
529 1702 649 1755 sequi
670 1701 859 1756 coeperit
879 1700 1212 1755 conversionem,
1240 1715 1368 1755 quam
1388 1702 1461 1743 ha-

114 1760 247 1801 bebat
266 1760 311 1801 in
331 1774 376 1801 se
398 1759 490 1815 ipse
517 1760 706 1801 eiusdem
733 1762 776 1801 et
802 1759 955 1801 similis
981 1759 1176 1801 innatam
1204 1762 1246 1801 et
1272 1760 1461 1801 insitam.

117 1817 238 1867 Quod
263 1821 355 1860 tum
383 1818 561 1872 eveniet,
586 1833 682 1860 cum
708 1818 795 1871 illa,
822 1833 929 1872 quae
951 1833 1000 1859 ex
1020 1818 1123 1874 igni,
1150 1818 1305 1873 anima,
1337 1833 1461 1873 aqua,

63 1888 97 1914 30
117 1880 232 1919 terra
251 1877 501 1919 turbulenta
528 1879 570 1918 et
595 1877 776 1918 rationis
803 1877 995 1932 expertia
1019 1877 1267 1931 insederint,
1292 1878 1460 1919 ratione

117 1936 328 1990 depulerit
348 1939 390 1977 et
409 1936 461 1977 ad
475 1936 659 1991 primam
675 1939 803 1991 atque
819 1935 1028 1990 optimam
1044 1936 1313 1978 affectionem
1329 1936 1461 1977 animi

1486 596 1529 627 44

1486 1243 1529 1274 45

116 1995 371 2050 pervenerit.
413 1994 529 2044 Quae
556 2009 651 2037 cum
676 1995 739 2036 ita
766 1995 1050 2050 dissignasset
1075 2009 1262 2049 seseque,
1296 1994 1331 2036 si
1360 1995 1460 2049 quid
1478 1981 1531 2063 14}

115 2055 267 2108 postea
290 2053 453 2096 fraudis
481 2056 555 2095 aut
580 2054 676 2095 vitii
702 2054 924 2107 evenisset,
951 2056 1073 2095 extra
1099 2068 1268 2095 omnem
1289 2054 1461 2108 culpam

118 2126 373 2167 causamque
405 2113 632 2167 posuisset,
664 2113 772 2154 alios
804 2112 850 2153 in
881 2115 1053 2165 terram,
1086 2113 1194 2154 alios
1226 2112 1271 2153 in
1302 2112 1461 2166 lunam,

64 2180 97 2206 35
118 2170 226 2212 alios
246 2171 290 2212 in
310 2171 497 2226 reliquas
519 2171 665 2213 mundi
685 2174 843 2227 partes,
864 2186 972 2226 quae
994 2173 1092 2213 sunt
1114 2171 1203 2224 [ad]
1221 2171 1460 2226 spatiorum

116 2230 323 2284 temporis
361 2231 488 2286 signa
525 2233 567 2272 et
603 2232 733 2273 notae
772 2230 1050 2284 constitutae,
1090 2244 1298 2286 spargens
1338 2230 1461 2284 quasi

117 2288 298 2330 serebat.
347 2289 453 2331 Post
485 2293 628 2332 autem
661 2304 755 2332 eam
788 2290 1000 2331 sationem
1033 2289 1109 2345 dis,
1140 2292 1190 2331 ut
1221 2290 1283 2330 ita
1310 2289 1459 2342 dicam,

1179 2357 1248 2392 15*
