1673 2505
145 599 189 630 47

149 1245 192 1275 48

158 2042 210 2081 14

157 2093 197 2123 49

216 68 301 109 228
781 69 992 103 TIMAEUS

216 175 453 217 iunioribus
491 175 706 230 permisit,
745 178 795 216 ut
833 190 1014 230 corpora
1050 177 1254 218 mortalia
1292 177 1558 232 effingerent,

217 236 510 288 quantumque
543 237 656 276 esset
688 235 900 288 reliquum
932 249 983 275 ex
1019 235 1206 277 humano
1246 236 1406 289 animo,
1446 236 1558 289 quod

217 293 390 334 deberet
416 293 625 347 accedere,
650 293 693 333 id
721 307 856 346 omne,
884 294 926 333 et
952 307 1059 347 quae
1080 294 1383 348 consequentia
1405 296 1558 348 essent,

216 351 482 406 perpolirent
520 353 562 392 et
601 351 891 404 absolverent3
936 351 1084 392 deinde
1128 355 1176 393 ut
1212 352 1311 394 huic
1350 327 1560 394 animanti

216 410 431 464 principes
464 423 508 450 se
542 409 753 463 ducesque
783 410 1039 464 praeberent
1065 410 1283 465 vitamque
1311 410 1400 452 eius
1430 425 1558 476 quam

216 468 502 523 pulcherrime
523 470 722 523 regerent
742 470 785 509 et
805 468 1107 523 gubernarent
1132 472 1341 523 quatenus
1361 484 1448 510 non
1467 469 1560 523 ipse

218 528 323 568 bene
356 526 494 567 factus
529 540 605 567 sua
637 527 763 581 eulpa
790 527 871 567 sibi
902 527 1064 581 aliquid
1095 528 1292 569 miseriae
1325 530 1559 582 quaereret.

304 585 447 639 Atque
479 585 515 625 is
549 585 731 639 quidem,
764 585 836 640 qui
868 589 1020 627 cuncta
1045 586 1283 640 conposuit,
1315 589 1561 628 constanter

216 643 260 684 in
293 658 368 685 suo
403 644 605 684 manebat
638 646 773 698 statu,
812 644 883 698 qui
916 646 1059 685 autem
1093 648 1216 686 erant
1248 645 1301 686 ab
1335 659 1383 686 eo
1417 645 1560 698 creati,

217 717 312 744 cum
339 702 530 756 parentis
558 702 749 744 ordinem
776 703 1090 758 cognovissent,
1122 704 1233 745 hunc
1261 703 1560 757 sequebantur.

217 761 369 815 Itaque
403 776 498 802 cum
532 761 796 816 accepissent
821 762 1051 803 inmortale
1078 762 1335 816 principium
1363 762 1561 803 mortalis

219 819 464 873 animantis,
496 820 717 861 imitantes
752 820 991 875 genitorem
1024 823 1066 861 et
1099 821 1343 862 effectorem
1375 820 1440 861 sui
1468 835 1562 875 par-

217 879 373 920 ticulas
411 878 526 933 ignis
565 880 608 920 et
645 881 785 920 terrae
818 882 860 920 et
893 893 1028 933 aquae
1061 880 1104 920 et
1137 880 1303 920 animae
1337 895 1361 921 a
1393 879 1563 932 mundo,

219 951 324 992 quas
363 951 510 978 rursus
549 937 793 991 redderent,
831 938 1141 979 mutuabantur
1180 952 1335 992 easque
1373 937 1486 979 inter
1518 952 1563 978 se

219 996 481 1051 copulabant
513 996 627 1037 haud
659 996 793 1037 isdem
825 996 990 1049 vinclis,
1022 997 1176 1051 quibus
1209 996 1293 1051 ipsi
1320 999 1442 1037 erant
1468 1011 1562 1037 con-

219 1055 363 1110 ligati,
409 1054 481 1096 sed
519 1055 699 1109 talibus,
744 1070 851 1109 quae
889 1055 1003 1096 cerni
1046 1069 1133 1096 non
1169 1058 1346 1110 possent
1386 1058 1564 1109 propter

219 1114 497 1169 parvitatem,
536 1114 698 1155 crebris
731 1114 853 1168 quasi
886 1114 1075 1155 cuneolis
1107 1113 1398 1168 inliquefactis
1430 1128 1564 1154 unum

219 1172 465 1213 efficiebant
503 1187 553 1213 ex
592 1172 790 1214 omnibus
829 1187 982 1227 corpus
1023 1174 1151 1227 atque
1189 1173 1233 1213 in
1271 1187 1319 1214 eo
1358 1172 1563 1213 influente

221 1234 349 1285 atque
383 1231 582 1272 effluente
615 1231 747 1273 animi
779 1231 911 1272 divini
945 1231 1132 1272 ambitus
1168 1230 1425 1286 inligabant.
1479 1230 1564 1272 Ita-

220 1304 301 1344 que
333 1290 399 1330 illi
431 1290 475 1330 in
507 1290 666 1331 flumen
690 1289 867 1330 inmersi
893 1304 1029 1344 neque
1056 1290 1261 1331 tenebant
1286 1304 1423 1343 neque
1449 1291 1564 1331 tene-

220 1349 396 1401 bantur,
430 1348 502 1389 sed
535 1348 576 1390 vi
610 1362 766 1404 magna
798 1351 891 1389 tum
923 1348 1138 1402 ferebant,
1179 1351 1272 1389 tum
1303 1348 1564 1389 ferebantur.

219 1407 289 1448 lta
331 1410 473 1448 totum
518 1407 677 1448 animal
724 1407 976 1448 movebatur
1013 1407 1122 1447 illud
1161 1406 1350 1461 quidem,
1395 1407 1469 1448 sed
1505 1407 1566 1448 in-

221 1466 440 1507 moderate
473 1468 515 1506 et
548 1466 740 1518 fortuito,
772 1468 820 1507 ut
852 1480 925 1506 sex
955 1466 1143 1507 motibus
1170 1466 1408 1507 veheretur.
1452 1464 1566 1507 Nam

222 1528 265 1566 et
297 1527 396 1565 ante
430 1527 472 1565 et
504 1539 613 1579 pone
646 1528 688 1566 et
720 1524 773 1566 ad
806 1525 972 1566 laevam
1005 1527 1047 1565 et
1078 1525 1131 1566 ad
1164 1524 1358 1565 dextram
1398 1527 1440 1566 et
1479 1539 1567 1566 sur-

223 1599 316 1624 sum
349 1587 392 1624 et
425 1583 641 1638 deorsum,
674 1583 800 1625 modo
832 1583 932 1637 huc,
965 1583 1092 1625 modo
1125 1583 1228 1625 illuc
1260 1617 1268 1625 .
1301 1616 1310 1625 .
1343 1616 1352 1625 .
1384 1615 1393 1624 .

883 1706 907 1731 2}ss

319 1769 423 1817 [Tres
444 1769 520 1804 fere
541 1769 675 1804 desunt
694 1768 852 1813 paginae
874 1767 1052 1802 orationis
1073 1767 1299 1803 Platonicae.
1338 1768 1462 1803 Verba
1481 1769 1567 1803 ante

222 1817 367 1852 hiatum
395 1817 528 1852 ultima
552 1816 646 1851 haec
672 1818 757 1850 sunt
783 1826 840 1860 ap.
867 1815 1011 1850 Platon.
1038 1827 1073 1860 p.
1097 1819 1141 1849 43
1171 1815 1200 1848 B
1228 1815 1284 1849 ed.
1313 1814 1400 1860 Step
1404 1815 1439 1850 h
1467 1813 1566 1850 κάτω

222 1878 260 1899 τε
293 1864 357 1899 καὶ
392 1861 470 1899 ἄνω
504 1863 567 1898 καὶ
602 1859 736 1907 πάντη
786 1862 976 1906 Abmptae
1009 1861 1187 1896 orationis
1220 1861 1321 1896 filum
1354 1863 1412 1896 his
1448 1862 1570 1897 verbis

224 1923 282 1956 ap.
320 1911 413 1945 Plat
452 1923 488 1967 p.
521 1914 565 1945 46
597 1909 630 1944 Α
667 1920 790 1943 rmsus
828 1909 1053 1943 adnectitur:
1093 1905 1177 1948 ἑνός
1213 1921 1250 1943 τε
1291 1904 1339 1944 αὗ
1377 1909 1463 1953 περὶ
1500 1907 1567 1954 τὴν

224 1957 396 2003 λειότητα
425 1954 515 2003 κτὲ.]

314 2052 396 2095 Sed
429 2054 465 2095 si
497 2053 541 2094 in
573 2052 799 2108 splendore
831 2052 1040 2104 consedit,
1073 2054 1164 2092 tum
1197 2051 1265 2093 vel
1299 2051 1445 2093 eadem
1479 2066 1570 2106 spe-

225 2113 309 2155 cies
342 2113 409 2153 vel
442 2112 657 2153 interdum
688 2111 904 2153 inmutata
932 2111 1134 2163 redditur,
1167 2125 1263 2152 cum
1288 2110 1402 2165 ignis
1430 2111 1570 2152 oculo-

224 2187 320 2213 rum
353 2186 449 2213 cum
481 2185 529 2212 eo
562 2171 679 2225 igne,
719 2170 791 2225 qui
823 2172 889 2211 est
921 2169 974 2211 ob
1008 2183 1054 2211 os
1088 2169 1267 2222 offusus,
1301 2184 1345 2210 se
1378 2169 1570 2211 confudit

226 2233 268 2272 et
301 2230 496 2272 contulit.
547 2228 710 2271 Dextra
742 2231 885 2270 autem
917 2227 1125 2282 videntur,
1163 2242 1270 2282 quae
1302 2228 1425 2269 laeva
1457 2230 1569 2282 sunt,

227 2289 327 2344 quia
366 2288 592 2331 contrariis
636 2288 833 2344 partibus
879 2287 1098 2329 oculorum
1143 2286 1380 2328 contrarias
1422 2289 1568 2343 partes

1584 721 1614 744 10

1584 1012 1615 1037 15

1584 1305 1617 1330 20

1589 1918 1622 1943 30

1592 2239 1624 2265 35
