1673 2505
515 92 616 129 CAP.
646 97 699 136 13,
729 97 781 129 14.
833 96 852 135 g
877 96 1028 127 46—5‘2.
1360 92 1445 133 229

103 202 336 258 attingunt.
393 199 671 266 Respondent
703 201 847 241 autem
880 199 1054 240 dextera
1087 198 1293 253 dexteris,
1324 199 1446 241 laeva

103 261 236 303 laevis
281 259 558 302 conversione
603 257 836 312 luminum,
884 272 980 299 cum
1025 272 1074 298 ea
1116 257 1229 298 inter
1274 271 1318 299 se
1361 272 1446 299 non

103 319 420 361 cohaerescunt.
490 317 540 358 Id
582 317 650 371 fit,
694 332 790 359 cum
834 317 1105 371 speculorum
1149 316 1304 357 levitas
1348 316 1447 358 hinc

102 378 305 431 illincque
338 375 611 418 altitudinem
642 375 882 430 adsumpsit
909 377 951 416 et
976 375 1038 416 ita
1065 375 1238 416 dextera
1265 375 1448 416 detrusit

67 436 148 477 5in
191 436 359 477 laevam
399 437 568 490 partem
613 434 834 476 oculorum
879 434 1084 488 laevaque
1128 433 1172 473 in
1217 433 1446 474 dexteram.

103 493 266 550 Supina
292 494 422 535 etiam
450 508 526 535 ora
552 495 783 534 cernuntur
809 492 1058 547 depulsione
1084 491 1312 546 luminum3
1340 507 1447 546 quae

103 555 356 596 convertens
388 551 595 593 inferiora
625 551 776 605 reddit,
809 565 917 606 quae
950 553 1050 592 sunt
1082 550 1316 605 superiora.
1372 551 1447 591 At-

105 626 184 666 que
217 611 322 653 haec
355 611 499 653 omnia
531 625 580 651 ex
614 625 662 651 eo
702 624 856 666 genere
895 612 1013 663 sunt,
1052 624 1159 664 quae
1197 624 1341 650 rerum
1380 609 1448 651 ad-

103 672 253 712 iuvant
291 683 460 723 causas;
506 669 660 723 quibus
704 669 841 710 utitur
886 668 1137 709 ministeriis
1188 668 1307 722 deus,
1352 683 1449 710 cum

53 741 84 766 10
105 729 259 784 optimi
290 728 488 784 speciem,
520 728 661 782 quoad
691 727 784 768 fieri
816 729 971 782 potest,
1004 726 1146 768 efficit.
1191 725 1271 768 Sed
1304 727 1449 768 existi-

105 790 226 829 mant
254 788 447 842 plerique
472 801 560 828 non
584 786 689 828 haec
721 786 970 828 adiuvantia
995 800 1232 839 causarum,
1265 786 1338 827 sed
1369 786 1448 827 has

104 847 222 902 ipsas
255 860 346 887 esse
379 846 570 887 omnium
603 860 765 900 causas,
797 859 905 899 quae
936 845 1024 886 vini
1055 844 1245 886 habeam:
1276 844 1450 900 refrige-

104 905 229 947 randi
255 904 518 957 calfaciendi,
551 904 847 946 concrescendi
872 903 1074 958 liquendi,
1106 906 1279 945 careant
1305 906 1449 945 autem

106 964 223 1005 omni
255 963 554 1019 intellegentia
586 966 714 1017 atque
746 963 930 1017 ratione,
970 977 1077 1016 quae
1115 962 1198 1003 nisi
1230 962 1274 1003 in
1306 963 1448 1004 animo

0 1036 1 1046 ¹
54 1034 85 1059 15
105 1023 227 1064 nulla
259 1022 344 1063 alia
376 1022 419 1063 in
450 1024 607 1063 natura
638 1021 918 1076 reperiantur.
968 1021 1150 1062 Animus
1184 1023 1326 1062 autem
1359 1036 1450 1062 sen-

106 1096 200 1122 sum
233 1095 402 1122 omnem
436 1080 586 1135 effugit
619 1081 856 1133 oculorum3
890 1082 935 1120 at
965 1079 1098 1134 ignis,
1130 1081 1289 1133 amma,
1326 1095 1450 1135 aqua,

105 1143 221 1181 terra
259 1154 440 1194 corpora
478 1141 597 1192 sunt,
641 1153 773 1193 eaque
817 1141 1056 1180 cernuntur.
1124 1137 1255 1179 Illum
1294 1142 1448 1192 autem,

106 1199 178 1253 qui
209 1198 535 1253 intellegentiae
568 1197 887 1252 sapientiaeque
922 1211 965 1238 se
1004 1199 1242 1238 amatorem
1277 1198 1448 1252 profite-

105 1260 188 1312 tur,
219 1271 391 1298 necesse
423 1259 488 1298 est
519 1256 813 1311 intellegentis
842 1255 1133 1311 sapientisque
1159 1258 1339 1298 naturae
1365 1257 1450 1311 pri-

53 1328 86 1353 20
106 1330 198 1357 mas
220 1330 369 1357 causas
392 1315 653 1369 conquirere,
675 1315 770 1357 dein
785 1315 989 1357 secundas
1005 1329 1150 1356 earum
1166 1329 1320 1369 rerum,
1342 1330 1449 1369 quae

105 1374 346 1416 necessario
374 1377 548 1416 movent
575 1374 694 1427 alias,
726 1389 822 1416 cum
853 1374 972 1429 ipsae
1004 1374 1058 1415 ab
1089 1374 1184 1415 aliis
1211 1376 1450 1416 moventur.

106 1432 315 1482 Quocirca
345 1433 469 1474 nobis
503 1433 564 1474 sic
596 1448 721 1475 cerno
755 1447 847 1474 esse
879 1433 1140 1487 faciendum,
1171 1435 1220 1474 ut
1253 1433 1302 1474 de
1334 1436 1449 1474 utro-

106 1507 186 1546 que
218 1506 296 1534 nos
330 1492 499 1546 quidem
533 1492 722 1534 dicamus
756 1506 909 1548 genere
942 1506 1180 1546 causarum,
1215 1491 1449 1546 separatim

107 1553 251 1592 autem
284 1551 333 1591 de
366 1551 436 1604 iis,
479 1565 586 1605 quae
625 1565 721 1593 cum
752 1551 1053 1606 intellegentia
1085 1553 1184 1592 sunt
1217 1550 1448 1592 efficientes

53 1621 85 1647 25
106 1610 492 1665 pulcherrimarum
529 1624 672 1651 rerum
711 1612 839 1664 atque
880 1612 1173 1664 optumarum,
1217 1612 1260 1650 et
1298 1609 1347 1651 de
1384 1609 1449 1663 iis,

107 1683 214 1723 quae
258 1671 460 1710 vacantes
505 1668 733 1723 prudentia
775 1668 1068 1710 inconstantia
1110 1668 1449 1723 perturbataque

107 1727 309 1769 efficiunt.
359 1727 423 1769 Ac
456 1727 505 1769 de
538 1728 760 1769 oculorum
787 1727 958 1781 quidem
984 1727 1135 1781 causis,
1167 1729 1215 1768 ut
1240 1727 1449 1768 haberent

107 1801 200 1828 eam
231 1787 332 1840 vim,
364 1801 494 1840 quam
524 1801 637 1828 nunc
666 1786 840 1840 habent,
873 1786 979 1827 satis
1010 1786 1144 1827 ferme
1171 1800 1263 1827 esse
1290 1785 1450 1828 dictum

107 1847 222 1900 puto.
271 1844 474 1886 Maxuma
501 1848 645 1887 autem
672 1860 819 1887 eorum
845 1845 1013 1886 utilitas
1040 1845 1199 1886 donata
1224 1845 1449 1886 hominum

55 1915 88 1940 30
109 1903 254 1959 generi
298 1904 474 1945 deorum
519 1919 692 1945 munere
737 1904 933 1958 deinceps
976 1903 1222 1958 explicetur.
1289 1903 1450 1945 Rerum

108 1962 220 2004 enim
259 1965 534 2017 optumarum
573 1963 864 2019 cognitionem
895 1962 1020 2004 nobis
1054 1962 1165 2004 oculi
1198 1963 1450 2004 attulerunt.

106 2020 220 2062 Nam
251 2021 374 2076 haec,
413 2036 521 2076 quae
560 2024 626 2063 est
662 2022 813 2063 habita
852 2021 901 2062 de
938 2021 1219 2063 universitate
1253 2021 1392 2063 oratio
1426 2037 1451 2062 a

106 2080 248 2134 nobis,
286 2080 401 2122 haud
438 2095 643 2135 umquam
682 2083 795 2122 esset
832 2080 1024 2134 inventa,
1063 2080 1100 2121 si
1135 2095 1272 2135 neque
1312 2080 1451 2121 sidera

105 2153 241 2193 neque
268 2140 333 2180 sol
360 2154 496 2193 neque
524 2140 689 2181 caelum
716 2140 795 2181 sub
816 2139 1037 2181 oculorum
1059 2142 1280 2194 aspectum
1302 2139 1451 2181 cadere

54 2207 87 2233 ³5
106 2197 360 2252 potuissent.
410 2197 535 2240 Nunc
560 2213 661 2240 vero
688 2198 777 2240 dies
808 2200 1040 2252 noctesque
1073 2198 1207 2240 oculis
1241 2198 1451 2253 cognitae,

106 2258 200 2297 tum
238 2271 431 2297 mensum
472 2272 766 2312 annorumque
805 2257 1104 2299 conversiones
1144 2259 1187 2298 et
1226 2271 1451 2298 numerum

107 2314 377 2357 machinatae
410 2319 510 2357 sunt
543 2318 585 2357 et
619 2316 805 2371 spatium
837 2315 1045 2371 temporis
1079 2315 1295 2357 dimensae
1328 2317 1371 2357 et
1398 2315 1452 2357 ad
