1673 2505
147 299 171 339 8

129 485 170 514 21

129 1071 170 1100 22

198 73 285 113 424
333 73 385 107 IN
406 74 442 110 C.
464 74 732 109 SALUSTIUM
747 74 1126 112 CONTROVERSIA.
1147 75 1233 120 Cap.
1251 80 1281 119 7,
1296 80 1326 111 8.
1348 80 1530 118 §20—22.

199 181 298 222 tus‘?
335 196 436 223 nam
469 182 562 236 quis
594 184 636 223 te
668 182 826 223 faceret
857 182 1074 235 heredem,
1108 197 1232 236 quem
1264 197 1317 224 ne
1350 183 1531 225 amicum

200 239 370 294 quidem
403 255 526 281 suum
559 240 663 281 satis
695 241 924 281 honestum
949 240 1174 295 quisquam
1201 241 1283 282 sibi
1309 241 1424 283 ducit
1449 242 1532 283 nisi

201 298 353 339 similis
375 313 423 340 ac
448 314 526 354 par
545 299 638 340 tui?
682 298 743 340 At
767 298 960 340 hercules
984 299 1158 354 egregia
1182 299 1298 341 facta
1322 300 1531 342 maiorum

198 360 370 398 tuorum
401 360 444 398 te
477 357 701 398 extollunt.
757 356 946 406 Quorum
981 358 1070 399 sive
1101 360 1149 398 tu
1181 358 1334 399 similis
1366 373 1410 400 es
1443 358 1531 400 sive

197 415 264 456 illi
283 416 358 469 tui,
377 415 486 456 nihil
507 416 560 456 ad
580 416 769 457 omnium
790 416 926 458 scelus
948 431 996 458 ac
1014 416 1250 470 nequitiam
1265 417 1361 458 addi
1377 420 1531 472 potest.

197 473 371 527 Verum,
390 476 438 515 ut
458 474 621 528 opinor,
642 474 828 516 honores
848 474 911 516 tui
931 476 973 516 te
988 475 1150 516 faciunt
1163 475 1430 517 insolentem.
1456 475 1531 529 Tu,

200 531 243 574 O.
276 530 456 585 Salusti,
495 533 703 574 tantidem
734 536 862 588 putas
895 548 986 574 esse
1018 533 1084 574 bis
1118 536 1359 575 senatorem
1391 537 1434 575 et
1464 534 1531 576 bis

199 593 470 645 quaestorem
500 591 607 645 fieri,
639 592 789 646 quanti
819 592 886 633 bis
919 592 1186 633 consularem
1219 594 1261 633 et
1292 592 1358 633 bis
1384 593 1532 633 trium-

198 649 400 704 phalem?
468 649 622 691 Carere
660 651 778 692 decet
819 651 935 692 omni
978 650 1101 704 vitio,
1146 651 1218 705 qui
1260 651 1305 692 in
1349 651 1532 692 alterum

200 708 335 749 dicere
372 710 549 763 paratus
588 711 665 750 est.
724 709 767 750 Is
806 709 975 750 demum
1013 710 1124 751 male
1169 709 1288 763 dicit,
1333 710 1406 764 qui
1447 725 1534 751 non

198 769 343 821 potest
368 781 516 808 verum
543 767 596 808 ab
630 768 766 809 altero
799 768 954 809 audire.
1005 766 1085 809 Sed
1114 770 1173 821 tu,
1205 768 1395 809 omnium
1421 783 1534 809 men-

198 840 342 867 sarum
375 826 587 880 assecula,
620 826 809 868 omnium
841 827 1133 869 cubiculorum
1163 826 1209 867 in
1240 829 1380 868 aetate
1411 827 1534 881 pelex

199 887 241 925 et
265 884 379 925 idem
407 887 559 939 postea
591 885 769 939 adulter,
802 885 939 927 omnis
972 885 1132 926 ordinis
1164 885 1385 940 turpitudo
1415 900 1459 927 es
1491 888 1534 927 et

198 943 334 984 civilis
367 943 472 984 belli
503 944 720 985 memoria.
765 943 875 992 Quid
902 944 1013 985 enim
1038 944 1120 986 hoc
1146 944 1319 1000 gravius
1345 944 1438 999 pati
1463 959 1534 999 po-

197 1001 369 1056 tuimus,
402 1016 530 1056 quam
558 1003 670 1057 quod
697 1005 740 1044 te
771 1003 1028 1045 incolumem
1058 1003 1104 1044 in
1133 1003 1215 1044 hoc
1247 1003 1393 1044 ordine
1424 1003 1534 1044 vide-

198 1060 322 1101 mus‘?
371 1060 528 1102 Desine
560 1062 695 1103 bonos
727 1062 1076 1116 petulantissima
1107 1062 1343 1103 consectari
1374 1062 1533 1116 lingua,

198 1119 342 1161 desine
362 1120 512 1162 morbo
532 1120 808 1175 procacitatis
827 1121 912 1162 isto
926 1120 1002 1175 uti⁷
1023 1120 1165 1162 desine
1179 1135 1310 1161 unum
1325 1135 1534 1175 quemque

198 1178 389 1219 moribus
414 1178 500 1219 tuis
527 1179 766 1220 aestimare.
808 1179 889 1220 His
915 1180 1105 1221 moribus
1133 1179 1316 1221 amicum
1341 1179 1422 1220 tibi
1445 1179 1533 1220 effi-

198 1251 291 1278 cere
321 1251 409 1279 non
433 1240 574 1292 potes3
605 1238 760 1279 videris
789 1238 900 1280 velle
925 1238 1145 1280 inimicum
1170 1238 1340 1279 habere.
1384 1237 1533 1279 Finem

199 1295 363 1337 dicendi
404 1295 577 1350 faciam,
621 1299 766 1351 patres
805 1297 1046 1352 conscripti.
1114 1295 1249 1351 Saepe
1291 1296 1404 1337 enim
1447 1296 1534 1338 vidi

199 1354 372 1409 gravius
412 1355 622 1396 offendere
660 1356 824 1397 animos
863 1356 1105 1397 auditorum
1144 1370 1233 1409 eos,
1279 1355 1351 1410 qui
1395 1355 1535 1397 aliena

197 1412 364 1467 flagitia
396 1416 542 1468 aperte
575 1414 788 1468 dixerunt,
826 1429 955 1469 quam
987 1429 1077 1468 eos,
1115 1414 1187 1468 qui
1218 1414 1534 1455 commiserunt.

197 1471 305 1513 Mihi
343 1472 513 1526 quidem
550 1473 662 1514 ratio
699 1473 897 1515 habenda
933 1475 1015 1527 est,
1055 1487 1142 1514 non
1179 1487 1287 1527 quae
1320 1471 1532 1514 Salustius

198 1530 351 1572 merito
394 1530 547 1573 debeat
584 1531 745 1586 audire,
784 1533 855 1573 sed
892 1534 940 1573 ut
978 1546 1027 1573 ea
1065 1531 1220 1586 dicam,
1258 1532 1293 1572 si
1333 1546 1416 1586 qua
1454 1546 1533 1586 ego

198 1589 377 1631 honeste
411 1590 530 1631 effari
561 1590 736 1646 possim.

1554 722 1587 746 10

1555 1014 1587 1040 15

1554 1308 1588 1333 20
