1663 2490
468 80 568 116 GAP.
597 85 651 126 11,
679 85 732 116 12.
782 83 800 122 g
827 85 977 116 36—41.
1311 81 1393 121 145

56 189 148 231 bus.
193 187 306 237 Quas
326 187 363 229 si
383 187 533 242 exequi
552 188 784 242 nequirem,
809 190 955 229 tamen
980 201 1047 228 me
1070 187 1253 229 lectulus
1274 201 1391 229 meus

56 248 294 290 oblectaret
332 261 381 287 ea
417 246 512 300 ipsa
552 247 836 302 cogitantem,
874 260 982 301 quae
1018 246 1105 287 iam
1143 259 1270 301 agere
1306 259 1393 287 non

55 319 244 361 possem,
277 304 349 346 sed
380 306 429 345 ut
458 304 633 359 possim,
664 305 768 346 facit
795 307 891 347 acta
922 305 1023 346 vita.
1074 303 1250 359 Semper
1282 304 1393 345 enim

55 365 101 406 in
135 363 203 405 his
248 363 399 405 studiis
443 362 748 418 laboribusque
792 363 953 405 viventi
995 377 1082 404 non
1124 363 1394 418 intellegitur

21 434 37 459 ⁵
57 422 224 478 quando
257 422 438 476 obrepat
469 425 675 463 senectus.
726 422 794 463 Ita
820 422 978 463 sensim
1004 421 1094 462 sine
1122 435 1248 462 sensu
1275 424 1393 462 aetas

56 480 239 523 senescit
275 494 352 522 nec
389 480 533 521 subito
564 479 797 536 frangitur,
839 481 912 522 sed
945 479 1227 522 diuturnitate
1260 480 1394 521 extin-

56 540 213 595 guitur.

143 596 344 652 Sequitur
381 597 512 639 tertia
548 597 808 652 vituperatio
848 597 1097 652 senectutis,
1143 597 1256 652 quod
1300 612 1393 639 eam

56 671 199 698 carere
226 656 371 697 dicunt
396 656 704 711 voluptatibus.
756 656 790 698 Ο
817 658 1085 711 praeclarum
1104 671 1258 698 munus
1280 658 1393 697 aeta-

4 715 131 770 lotis,
169 715 378 769 siquidem
415 714 459 755 id
498 714 637 756 aufert
675 730 699 756 a
735 715 878 769 nobis,
918 715 1030 769 quod
1068 718 1133 756 est
1170 715 1215 756 in
1253 715 1394 756 adule-

56 773 219 816 scentia
256 773 599 815 vitiosissimum!
661 773 853 828 Accipite
892 774 1022 827 enim,
1064 773 1217 828 optimi
1255 773 1395 815 adule-

57 835 235 887 scentes,
266 835 454 873 veterem
486 833 724 874 orationem
744 832 962 887 Archytae
983 832 1216 886 Tarentini,
1250 832 1395 888 magni

55 891 101 932 in
131 891 281 946 primis
309 894 352 932 et
376 891 586 945 praeclari
612 891 705 945 viri,
737 905 844 946 quae
871 891 977 932 mihi
1003 891 1164 932 tradita
1191 893 1268 945 est,
1299 905 1395 932 cum

57 964 194 991 essem
238 949 484 991 adulescens
523 949 698 991 Tarenti
739 965 834 991 cum
873 948 919 998 Q.
957 949 1155 991 Maximo.
1217 949 1395 990 Nullam

4 1020 38 1045 15
58 1008 354 1063 capitaliorem
384 1011 551 1062 pestem
584 1023 711 1062 quam
742 1008 1011 1062 voluptatem
1044 1008 1235 1062 corporis
1261 1008 1395 1049 homi—

55 1067 181 1109 nibus
214 1067 382 1108 dicebat
413 1082 438 1108 a
463 1069 618 1107 natura
647 1067 804 1121 datam,
837 1067 954 1108 cuius
981 1067 1218 1121 voluptatis
1246 1067 1394 1107 avidae

56 1125 254 1167 libidines
285 1128 451 1166 temere
482 1128 525 1166 et
557 1125 768 1166 ecfrenate
801 1125 854 1166 ad
887 1125 1137 1179 potiendum
1169 1125 1394 1166 incitaren-

55 1187 137 1226 tur.
186 1182 297 1225 Hinc
327 1183 493 1238 patriae
525 1183 801 1238 proditiones,
833 1183 932 1225 hinc
957 1198 1100 1225 rerum
1125 1184 1394 1238 publicarum

58 1242 315 1295 eversiones,
359 1242 458 1284 hinc
501 1256 596 1284 cum
639 1243 836 1284 hostibus
876 1242 1142 1284 clandestina
1179 1243 1395 1297 colloquia

4 1313 38 1338 2⁰
56 1301 191 1356 nasci,
227 1301 394 1342 nullum
427 1301 605 1355 denique
638 1301 793 1355 scelus,
830 1301 997 1342 nullum
1036 1302 1195 1343 malum
1229 1301 1394 1343 facinus

57 1375 168 1415 esse,
208 1360 260 1401 ad
293 1360 405 1414 quod
436 1360 751 1415 suscipiendum
782 1375 869 1401 non
899 1360 1033 1402 libido
1065 1360 1303 1415 voluptatis
1335 1360 1395 1401 in-

55 1420 251 1475 pelleret,
289 1421 439 1474 stupra
469 1433 570 1460 vero
603 1421 646 1460 et
677 1419 886 1460 adulteria
919 1422 961 1460 et
993 1433 1116 1461 omne
1148 1420 1236 1461 tale
1273 1419 1395 1475 fiagi-

0 1495 1 1500 ’
56 1478 165 1519 tium
207 1477 338 1518 nullis
384 1477 560 1519 excitari
604 1477 699 1519 aliis
743 1477 968 1519 inlecebris
1012 1478 1095 1519 nisi
1138 1478 1395 1533 voluptatis3

56 1551 236 1591 cumque
261 1536 426 1578 homini
451 1536 540 1578 sive
566 1539 721 1578 natura
746 1537 834 1577 sive
867 1537 961 1590 quis
989 1536 1090 1578 deus
1116 1537 1225 1578 nihil
1252 1540 1395 1578 mente

23 1606 38 1633 5
57 1595 361 1651 praestabilius
388 1595 586 1649 dedisset,
611 1595 710 1637 huic
736 1595 878 1636 divino
899 1596 1065 1637 muneri
1086 1610 1135 1637 ac
1155 1596 1265 1637 dono
1285 1595 1394 1637 nihil

57 1658 148 1696 tam
180 1668 272 1695 esse
302 1654 521 1695 inimicum
554 1669 682 1708 quam
713 1654 999 1708 voluptatem3
1035 1669 1112 1696 nec
1150 1654 1262 1696 enim
1300 1654 1394 1696 libi-

58 1713 154 1754 dine
193 1713 437 1755 dominante
474 1713 784 1768 temperantiae
816 1713 957 1754 locum
990 1727 1099 1767 esse,
1139 1727 1276 1767 neque
1308 1727 1395 1755 om—

56 1772 158 1814 nino
201 1772 246 1813 in
287 1772 525 1826 voluptatis
568 1786 700 1827 regno
744 1771 948 1813 virtutem
985 1786 1111 1826 posse
1149 1772 1394 1814 consistere.

59 1830 180 1879 Quod
212 1845 294 1885 quo
327 1830 465 1885 magis
497 1830 693 1886 intellegi
723 1833 882 1885 posset,
912 1830 1074 1886 fingere
1106 1830 1247 1872 animo
1279 1831 1395 1872 iube·

58 1890 136 1931 bat
159 1892 283 1931 tanta
304 1889 530 1931 incitatum
553 1889 739 1944 aliquem
759 1890 984 1944 voluptate
1004 1889 1207 1944 corporis,
1234 1892 1395 1944 quanta

58 1948 220 2004 percipi
251 1951 397 2003 posset
428 1948 633 2002 maxima,
664 1948 825 1989 nemini
857 1949 1056 1990 censebat
1086 1948 1178 1990 fore
1208 1948 1394 2002 dubium,

59 2007 162 2061 quin
191 2010 281 2048 tam
314 2007 396 2061 diu,
431 2007 531 2048 dum
562 2008 624 2048 ita
656 2007 872 2061 gauderet,
902 2007 1010 2048 nihil
1044 2007 1208 2063 agitare
1240 2010 1393 2061 mente,

58 2065 167 2107 nihil
198 2066 376 2120 ratione,
407 2066 516 2107 nihil
548 2066 809 2121 cogitatione
845 2066 1047 2120 consequi
1077 2068 1235 2121 posset.
1285 2065 1394 2114 Quo-

60 2124 171 2166 circa
212 2125 321 2166 nihil
364 2139 456 2166 esse
498 2127 590 2166 tam
633 2125 887 2166 detestabile
931 2128 1104 2179 tamque
1142 2124 1392 2180 pestiferum

27 2192 41 2218 ⁵
62 2198 188 2237 quam
213 2184 493 2238 voluptatem,
519 2183 727 2238 siquidem
755 2199 814 2234 ea,
841 2198 936 2225 cum
962 2184 1100 2225 maior
1126 2187 1239 2225 esset
1265 2186 1392 2238 atque

60 2242 346 2297 longinquior,
372 2257 496 2284 omne
517 2242 647 2284 animi
667 2243 811 2284 lumen
831 2242 1111 2298 extingueret.
1154 2242 1271 2284 Haec
1297 2258 1392 2284 cum

59 2299 105 2343 G.
130 2300 285 2342 Pontio
311 2299 514 2357 Samnite,
545 2304 668 2357 patre
699 2301 802 2356 eius,
833 2316 859 2344 a
889 2316 973 2357 quo
1006 2300 1195 2343 Caudino
1228 2301 1392 2357 proelio

131 2375 204 2402 σω.
223 2376 273 2401 ιν,
295 2376 319 2402 3.
1140 2374 1181 2405 10

1411 577 1464 618 12

1420 629 1463 660 39

1421 1195 1464 1225 40

1420 1665 1459 1695 41
