1663 2490
25 701 56 726 10

24 994 56 1019 15

23 1287 56 1313 20

24 1581 57 1607 25

25 1875 58 1901 ³0

27 2168 59 2194 35

397 50 486 86 ΜΒ.
514 50 541 85 1.
580 50 680 86 CAP.
707 52 834 85 9-11.
872 53 892 92 ς
918 51 962 84 30
990 52 1092 85 —35.
1360 47 1414 88 13

75 160 258 216 triginta
277 158 441 200 dierum
460 160 603 200 essent
623 172 717 199 cum
743 157 867 198 hoste
892 156 1083 197 indutiae
1107 155 1260 208 factae,
1285 157 1415 196 noctu

76 218 364 274 populabatur
401 230 548 272 agros,
586 216 700 270 quod
738 215 901 257 dierum
939 217 1083 256 essent
1119 216 1289 269 pactae,
1329 227 1415 254 non

75 277 267 319 noctium
304 275 508 317 indutiae.
570 273 636 316 Ne
672 277 820 316 noster
857 273 1028 328 quidem
1071 272 1334 328 probandus,
1379 271 1415 312 si

75 350 223 378 verum
269 336 336 376 est
378 332 425 383 Q.
468 333 650 375 Fabium
695 333 937 374 Labeonem
988 346 1061 373 seu
1111 345 1237 386 quem
1283 330 1416 372 alium

76 393 204 450 (nihil
237 393 350 435 enim
380 392 519 434 habeo
551 394 723 447 praeter
755 389 965 446 auditum)
998 390 1211 432 arbitrum
1232 389 1415 431 Nolanis

76 456 119 495 et
149 451 450 508 Neapolitanis
488 450 538 492 de
575 450 732 492 finibus
771 465 796 491 a
833 452 984 492 senatu
1022 449 1188 502 datum,
1229 463 1326 490 cum
1364 447 1417 489 ad

76 512 218 554 locum
248 510 454 564 venisset,
492 524 588 551 cuin
619 509 812 563 utrisque
845 508 1077 564 separatim
1116 508 1326 561 locutum,
1363 521 1416 547 ne

75 570 226 625 cupide
259 569 360 624 quid
391 571 588 624 agerent,
618 582 672 609 ne
704 568 972 622 adpetenter,
1008 570 1137 622 atque
1168 569 1217 608 ut
1247 565 1417 622 regredi

76 643 204 684 quam
230 627 432 684 progredi
458 627 649 669 mallent.
698 625 747 667 Id
773 641 869 668 cum
894 626 1065 681 utrique
1096 625 1311 679 fecissent,
1343 624 1418 666 ali-

77 689 285 742 quantum
318 687 412 743 agri
443 686 488 728 in
520 686 658 727 medio
691 685 889 727 relictum
922 688 998 726 est.
1053 683 1205 739 Itaque
1240 684 1418 725 illorum

75 746 172 788 finis
200 746 273 800 sic,
297 748 346 787 ut
365 745 449 801 ipsi
469 745 675 798 dixerant,
700 744 967 798 terminavit,
991 743 1037 785 in
1059 743 1198 785 medio
1219 744 1418 784 relictum

77 805 191 860 quod
223 807 326 859 erat,
357 804 517 860 populo
550 803 745 845 Romano
778 802 1048 845 adiudicavit.
1097 801 1305 857 Decipere
1335 801 1418 843 hoc

77 863 248 919 quidem
287 866 370 917 est,
406 877 493 905 non
529 862 726 904 iudicare.
789 861 996 910 Quocirca
1032 861 1077 902 in
1114 861 1231 902 omni
1270 863 1335 901 est
1372 874 1418 901 re

75 922 280 980 fugienda
311 922 412 963 talis
446 922 652 963 sollertia.
672 902 737 970 s

164 979 273 1023 Sunt
298 983 442 1022 autem
462 979 671 1034 quaedam
691 978 832 1021 officia
852 978 983 1020 etiam
1004 978 1207 1020 adversus
1234 991 1306 1019 eos
1335 992 1418 1018 ser·
1436 977 1484 1017 11

76 1039 232 1094 vanda,
269 1054 294 1081 a
332 1039 486 1094 quibus
522 1038 724 1080 iniuriam
763 1037 987 1092 acceperis.
1048 1036 1130 1078 Est
1168 1036 1281 1078 enim
1319 1036 1419 1077 ulci-

76 1099 219 1141 scendi
245 1101 288 1140 et
312 1097 514 1153 puniendi
539 1097 709 1151 modus3
736 1099 864 1151 atque
890 1096 1006 1138 haud
1032 1095 1119 1137 scio
1146 1110 1203 1137 an
1228 1094 1335 1136 satis
1363 1094 1420 1135 sit

76 1173 184 1212 eum,
217 1158 290 1212 qui
315 1156 564 1210 lacessierit,
589 1155 771 1197 iniuriae
798 1169 899 1196 suae
924 1155 1156 1210 paenitere,
1185 1156 1234 1195 ut
1259 1156 1303 1195 et
1327 1153 1419 1208 ipse

75 1231 128 1259 ne
167 1216 268 1271 quid
304 1216 393 1257 tale
429 1215 612 1271 posthac
649 1217 692 1256 et
728 1214 859 1256 ceteri
897 1214 985 1256 sint
1016 1213 1069 1255 ad
1099 1213 1302 1254 iniuriam
1333 1215 1418 1253 tar-

77 1276 229 1318 diores.
262 1274 423 1329 ¹Atque
448 1274 494 1315 in
518 1289 564 1316 re
588 1273 762 1329 publica
786 1273 970 1314 maxime
996 1272 1289 1314 conservanda
1318 1274 1418 1313 sunt

75 1335 170 1376 iura
188 1334 305 1376 belli.
347 1332 461 1375 Nam
481 1348 577 1375 cum
597 1333 684 1374 sint
711 1332 793 1374 duo
820 1346 979 1388 genera
1004 1331 1261 1385 decertandi,
1285 1345 1418 1372 unum

76 1407 152 1449 per
190 1393 562 1448 disceptationem,
607 1392 790 1433 alterum
828 1405 904 1446 per
941 1390 1047 1445 vim,
1091 1404 1271 1444 cumque
1309 1389 1419 1431 illud

76 1452 298 1508 proprium
337 1452 395 1493 sit
430 1451 636 1504 hominis,
678 1450 761 1492 hoc
800 1450 1042 1504 beluarum,
1086 1448 1418 1504 confugiendum

77 1513 143 1553 est
181 1511 235 1552 ad
274 1510 507 1565 posterius,
551 1510 586 1551 si
623 1509 688 1550 uti
724 1523 811 1551 non
846 1509 948 1550 licet
985 1508 1216 1563 superiore.
1278 1507 1418 1556 Quare

76 1569 347 1624 suscipienda
372 1568 543 1624 quidem
567 1568 684 1610 bella
709 1571 810 1609 sunt
835 1567 890 1609 ob
917 1582 1011 1609 eam
1036 1582 1222 1621 causam,
1253 1569 1303 1609 ut
1327 1567 1418 1608 sine

69 1629 234 1670 iniuria
262 1628 307 1670 in
338 1642 442 1683 pace
473 1628 662 1681 vivatur,
698 1629 826 1682 parta
864 1629 1008 1668 autem
1039 1626 1221 1668 victoria
1252 1640 1418 1669 conser-

76 1687 204 1729 vandi
223 1687 266 1742 ii,
292 1687 365 1742 qui
382 1702 470 1729 non
489 1686 680 1728 crudeles
700 1686 745 1727 in
767 1685 895 1739 bello,
914 1700 1002 1727 non
1019 1685 1213 1726 inmanes
1233 1685 1418 1737 fuerunt,

76 1749 124 1788 ut
155 1747 339 1788 maiores
370 1746 510 1787 nostri
541 1744 818 1798 Tusculanos,
849 1743 1041 1799 Aequos,
1072 1743 1268 1798 Volscos,
1300 1742 1418 1785 Sabi-

76 1820 172 1859 nos,
203 1804 414 1847 Hernicos
445 1805 490 1846 in
521 1804 741 1846 civitatem
774 1803 904 1844 etiam
937 1805 1207 1858 acceperunt,
1237 1805 1282 1844 at
1311 1801 1418 1844 Kar-

78 1864 301 1920 thaginem
333 1866 376 1905 et
403 1862 685 1905 Numantiam
716 1862 907 1904 funditus
939 1862 1225 1915 sustulerunt,
1256 1862 1418 1904 nollem

78 1921 351 1976 Corinthum,
387 1922 461 1964 sed
493 1922 618 1964 credo
651 1921 813 1976 aliquid
852 1923 1038 1975 secutos,
1077 1921 1417 1976 oportunitatem

76 1982 159 2024 loci
196 1996 411 2036 maxume,
448 1996 501 2023 ne
538 1983 686 2035 posset
718 1980 948 2035 aliquando
980 1980 1034 2022 ad
1070 1980 1233 2021 bellum
1263 1979 1418 2022 facien-

78 2041 177 2082 dum
202 2041 320 2083 locus
351 2041 444 2095 ipse
471 2040 703 2081 adhortari.
752 2038 849 2080 Mea
875 2039 1045 2094 quidem
1071 2039 1287 2081 sententia
1310 2039 1418 2094 paci,

79 2114 186 2154 quae
223 2099 332 2141 nihil
369 2099 573 2141 habitura
610 2099 675 2156 sit,
703 2098 973 2153 insidiarum,
1014 2111 1182 2154 semper
1220 2101 1287 2140 est
1323 2112 1419 2141 con-

79 2158 312 2200 sulendum.
361 2157 413 2199 In
440 2173 523 2212 quo
551 2157 588 2199 si
612 2149 719 2199 miffi
746 2160 859 2199 esset
886 2159 1242 2213 optemperatum,
1269 2157 1307 2199 si
1330 2171 1419 2199 non

79 2219 311 2272 optumam,
342 2219 388 2259 at
420 2217 610 2272 aliquam
640 2231 731 2258 rem
762 2216 991 2272 publicam,
1023 2231 1131 2272 quae
1162 2231 1273 2258 nunc
1298 2216 1419 2258 nulla

79 2278 161 2329 est,
193 2276 459 2318 haberemus.
519 2275 579 2317 Et
611 2290 706 2317 cum
737 2275 809 2330 iis,
848 2290 954 2330 quos
985 2276 1029 2317 vi
1061 2275 1286 2329 deviceris,
1323 2290 1419 2317 con-

1444 1280 1487 1311 34

1444 1516 1487 1547 35
