1673 2505
416 73 692 111 PHILOSOPH.
718 74 756 109 F.
784 76 799 109 1
827 75 970 109 11—111
995 80 1027 110 3.
1312 76 1396 118 311

69 198 93 224 o
131 181 333 223 Socrate?
371 181 401 234 †
438 196 492 223 an
531 182 700 236 quidem
738 197 824 224 non
862 181 1036 223 dubium
1075 184 1157 236 est,
1202 183 1302 237 quin
1346 184 1399 225 ab

68 240 319 282 Alcibiade?

155 299 193 340 3.
224 298 353 340 Prisc.
391 298 514 340 VIII
541 302 577 340 7.
602 301 656 341 35
680 313 722 352 p.
748 302 844 341 402.
870 302 930 342 22
954 298 1084 352 (Plat.
1105 314 1146 353 p.
1171 303 1253 341 336
1272 300 1400 354 Asel.)

68 356 224 399 ‘Verso’
255 357 442 399 similiter
472 359 658 407 activum,
689 372 736 399 esc
765 372 842 411 quo
869 358 1168 400 ‘coutroversor'
1194 359 1400 411 deponens.

31 430 48 456 5
68 415 202 459 Cicero
237 417 284 457 in
320 415 569 469 Protagora:
612 414 737 458 Nune
775 431 799 458 a
835 417 976 471 vobis,
1020 431 1044 458 0
1080 416 1321 472 Protagora
1359 420 1401 458 et

67 473 276 528 Socrates,
307 475 493 529 postulo,
524 477 573 516 ut
604 474 654 516 de
685 475 769 516 isto
802 475 1043 517 concedatis
1070 475 1180 517 alter
1206 477 1332 517 alteri
1359 479 1401 516 et

65 534 177 575 inter
207 548 284 575 vos
317 533 366 574 de
398 533 571 575 huiusce
598 533 713 574 modi
738 534 864 575 rebus
894 534 1285 588 controversemini,
1315 549 1402 576 non

66 592 331 634 concertetis.

152 651 191 692 4.
223 650 350 692 Prisc.
384 650 425 691 V
445 654 511 693 12.
544 654 597 692 64
622 665 665 703 p.
697 654 792 693 182.
818 656 842 693 1
867 651 995 705 (Plat.
1020 667 1064 705 22·
1089 656 1173 694 357
1190 653 1253 707 A)
1286 653 1401 695 Vetu-

15 723 48 750 ιο
65 710 237 752 stissimi
273 713 406 750 tamen
444 713 481 750 et
517 708 667 751 ‘altera
702 709 818 751 utra'
856 714 893 751 et
936 710 1129 752 ‘alterum
1170 711 1330 753 utrum'
1367 716 1404 753 et

67 768 250 810 ‘alterius
278 767 427 809 ‘utrius'
465 768 645 810 solebant
672 769 857 821 proferre
891 793 955 811 —.
1017 770 1152 812 Cicero
1183 772 1229 812 uz
1259 770 1403 813 Prota-

60 841 185 881 90ra:
217 825 334 875 Quae
365 827 500 882 igitur
530 830 675 882 potest
706 842 798 869 esse
824 828 1058 884 indignitas
1084 829 1323 884 voluptatis
1350 830 1403 870 ad

65 886 309 928 molestiam
333 885 417 926 nisi
442 886 486 926 in
511 886 807 942 magnitudine
834 890 909 928 aut
931 887 1199 943 longitudine
1225 889 1402 930 alterius

65 945 203 986 utrius
235 944 408 999 posita?
441 969 490 974 —
525 945 641 986 Idem
671 945 724 987 ib.
763 945 830 987 VI
856 949 893 987 7.
924 948 978 988 35
1000 961 1044 1000 p.
1075 949 1174 989 226.
1206 951 1244 990 8.

12 1016 45 1042 15
153 1004 191 1045 5.
222 1003 375 1045 Donat.
410 1003 498 1045 Ter.
529 1003 606 1045 Ph.
632 1004 709 1046 IV
730 1008 769 1047 3.
801 1008 827 1046 6
857 1005 926 1047 Sic
955 1006 1218 1060 (compluria)
1248 1010 1403 1057 veteres,

63 1063 170 1116 quod
198 1063 329 1104 nostri
358 1063 519 1115 dempta
548 1063 705 1116 syllaba
736 1062 974 1116 ‘complura’
1005 1065 1155 1106 dieunt.
1190 1090 1238 1094 —
1268 1064 1403 1108 Gieero

64 1123 110 1163 ἐκ
141 1121 390 1174 Protagora:
421 1121 702 1163 confirmandi
735 1135 893 1177 genera
924 1123 1174 1178 compluria.

132 1360 204 1399 ΙΙΙ,
246 1360 317 1397 DE
349 1360 475 1398 IURE
509 1358 674 1398 CIVILI
704 1360 763 1398 IN
793 1361 979 1399 ARTEM
1009 1360 1332 1400 REDIGENDO.

157 1452 192 1492 1.
227 1450 395 1503 Quintil.
427 1450 533 1492 XII
558 1454 596 1492 3.
627 1455 680 1492 10
711 1451 770 1492 Et
798 1452 861 1493 M.
895 1452 1057 1494 Tullius
1092 1466 1176 1493 uon
1210 1453 1327 1494 ‘modo
1361 1453 1403 1493 iu

12 1523 46 1548 20
65 1511 217 1565 ayendo
248 1523 474 1564 numquam
504 1513 561 1551 est
590 1510 801 1551 destitutus
830 1511 998 1552 seientia
1028 1511 1154 1565 iuris,
1184 1511 1253 1553 sed
1282 1512 1403 1553 etiam

65 1582 296 1623 componere
327 1570 469 1622 aliqua
499 1569 546 1610 de
577 1582 620 1610 eo
651 1572 838 1621 coeperat.

153 1629 191 1670 2.
225 1627 326 1670 Gen.
357 1628 390 1669 I
414 1630 485 1670 22.
519 1631 547 1668 7
576 1628 639 1669 M.
672 1627 806 1670 Cicero
839 1629 882 1669 in
921 1629 1038 1682 libro,
1077 1630 1149 1682 qui
1184 1630 1404 1682 inscriptus

64 1691 123 1730 est
152 1687 213 1729 ‘de
243 1687 332 1728 iure
361 1687 473 1728 civili
502 1687 549 1728 in
579 1689 708 1728 artem
735 1686 961 1740 rediyeudo’
987 1688 1106 1729 verba
1129 1688 1225 1730 haee
1241 1689 1402 1741 posuit.-

64 1745 155 1788 Neo
173 1760 272 1788 vero
294 1745 473 1788 scientia
496 1744 601 1786 iuris
628 1745 863 1787 maioribus
890 1746 976 1788 suis
998 1745 1045 1795 Q.
1064 1746 1213 1788 Aelius
1234 1746 1402 1789 Tubero

13 1816 47 1842 25
66 1805 217 1859 defuit,
257 1805 450 1846 doctrina
487 1804 618 1845 etiam
651 1803 872 1859 superfuit.
932 1805 990 1846 Iu
1019 1819 1096 1858 quo
1134 1806 1214 1848 loeo
1247 1805 1402 1860 ‘super-

61 1863 164 1917 fuit'
197 1864 428 1917 siyuz'fteare
458 1864 615 1905 videtur
647 1863 793 1916 ‘supra
827 1864 913 1916 fuit
941 1867 979 1906 et
1001 1866 1210 1918 praestitit
1238 1878 1402 1918 supera-

62 1924 194 1976 vitque
229 1923 404 1964 maiores
433 1936 525 1964 suos
555 1923 740 1964 doctriua
777 1936 870 1974 sua,
908 1923 1172 1976 superfluenti
1202 1926 1336 1965 tamen
1367 1927 1403 1965 et

63 1983 190 2024 nimis
221 1980 475 2023 abundanti&

153 2041 192 2082 3.
225 2040 386 2083 Charis.
411 2040 444 2081 I
460 2054 504 2093 p.
529 2043 621 2082 138.
647 2043 700 2082 13
724 2040 833 2082 Keil.
865 2039 1039 2083 ‘Nobile’
1073 2040 1207 2084 Cicero
1238 2043 1285 2084 de
1314 2043 1403 2084 iure

14 2100 197 2143 soeivili:
230 2099 374 2155 aliquo
408 2099 641 2141 excellente
674 2113 722 2140 ae
752 2099 898 2141 nobile
929 2100 1035 2143 viro.
