1663 2490
206 115 288 157 164
602 116 804 152 LAELIUS
828 116 892 151 DE
918 116 1138 152 AMICITIA

202 224 345 266 Genus
378 227 520 267 autem
553 224 634 266 hoc
665 238 911 265 sermonum
939 224 1129 278 positum
1153 225 1197 266 in
1223 225 1445 267 hominum
1472 241 1538 268 ve-

201 286 342 325 terum
374 284 649 337 auctoritate,
687 286 730 324 et
767 296 913 323 eorum
950 282 1217 338 inlustrium,
1258 284 1356 339 plus
1393 285 1537 327 nescio

203 356 286 396 quo
317 345 443 397 pacto
475 341 644 383 videtur
673 341 832 382 habere
865 341 1112 396 gravitatis3
1143 342 1288 396 itaque
1319 343 1412 398 ipse
1443 358 1539 385 mea

202 404 349 457 legens
388 401 448 442 sic
496 400 671 442 adficior
712 399 945 455 interdum,
989 402 1037 441 ut
1073 399 1298 455 Catonem,
1341 416 1427 443 non
1471 417 1539 444 me

156 470 174 499 5
202 460 320 514 loqui
353 459 602 500 existimem.
653 456 735 500 Sed
766 461 814 500 ut
845 461 938 500 tum
970 459 1023 500 ad
1054 473 1198 501 senem
1230 474 1357 502 senex
1395 461 1445 502 de
1478 475 1538 502 se-
1577 474 1591 497 ⁵

201 521 389 572 nectute,
423 518 482 559 sic
513 518 594 559 hoc
626 517 738 559 libro
772 517 826 558 ad
858 517 1042 559 amicum
1074 518 1359 560 amicissimus
1386 520 1539 574 scripsi

202 578 252 618 de
285 576 484 618 amicitia.
547 575 656 617 Tum
694 578 760 617 est
797 575 905 618 Cato
943 576 1131 631 locutus,
1169 591 1252 631 quo
1291 580 1383 619 erat
1413 593 1538 620 nemo

200 636 289 678 fere
321 635 463 677 senior
500 635 768 690 temporibus
806 635 911 688 illis,
954 649 1079 676 nemo
1118 636 1386 691 prudentior3
1427 651 1539 679 nunc

201 694 371 736 Laelius
404 697 447 735 et
478 693 649 749 sapiens
683 693 763 748 (sic
794 694 907 735 enim
939 696 1004 735 est
1028 693 1224 750 habitus)
1257 697 1300 736 et
1325 695 1538 737 amicitiae

203 753 342 810 gloria
374 753 585 795 excellens
618 752 668 794 de
700 752 892 794 amicitia
923 753 1133 807 loquetur.
1178 752 1242 794 Tu
1266 753 1395 795 velim
1421 769 1447 796 a
1471 769 1538 796 me
1561 770 1591 792 ιο

202 813 392 854 animum
416 826 647 867 parumper
672 814 855 865 avertas,
876 811 1070 853 Laelium
1088 812 1209 866 loqui
1233 812 1376 866 ipsum
1401 815 1537 867 putes.

202 870 247 913 C.
283 871 472 912 Fannius
515 873 557 912 et
594 868 641 919 Q.
678 869 842 912 Mucius
887 870 941 911 ad
984 885 1178 912 socerum
1220 871 1398 912 veniunt
1439 876 1539 927 post

202 933 387 972 mortem
418 928 630 983 Africani3
662 929 715 970 ab
747 929 815 970 his
849 943 987 970 sermo
1015 929 1163 984 oritur,
1188 930 1418 984 respondet
1436 930 1538 972 Lae—

202 989 304 1040 lius,
341 988 459 1030 cuius
491 991 586 1031 tota
618 988 852 1043 disputatio
886 994 952 1029 est
984 988 1033 1029 de
1074 989 1282 1042 amicitia,
1323 1003 1450 1043 quam
1483 991 1537 1031 le-

203 1062 307 1104 gens
340 1050 382 1089 te
413 1047 505 1102 ipse
537 1061 780 1103 cognosces.
1560 1061 1591 1086 15

290 1108 485 1149 FANNIUS.
553 1104 662 1147 Sunt
692 1106 794 1159 ista,
834 1106 972 1159 Laeli3
1014 1120 1091 1148 nec
1129 1107 1243 1148 enim
1280 1107 1432 1148 melior
1473 1108 1538 1148 vir

200 1166 284 1207 fuit
322 1165 525 1207 Africano
564 1165 791 1219 quisquam
828 1179 904 1206 nec
941 1164 1107 1206 clarior.
1169 1163 1252 1206 Sed
1292 1165 1538 1208 existimare

203 1225 329 1266 debes
363 1225 553 1266 omnium
585 1224 730 1265 oculos
763 1225 807 1264 in
837 1226 881 1264 te
919 1237 1011 1265 esse
1049 1223 1263 1266 coniectos
1304 1238 1453 1279 unum3
1495 1227 1539 1266 te

202 1284 440 1339 sapientem
465 1286 508 1325 et
534 1283 755 1337 appellant
781 1285 823 1324 et
843 1282 1101 1323 existimant.
1144 1282 1434 1324 Tribuebatur
1457 1283 1539 1325 hoc

202 1343 328 1385 modo
360 1342 416 1384 M.
448 1341 621 1395 Catoni,
652 1341 809 1383 scimus
840 1340 886 1382 L.
918 1341 1106 1383 Acilium
1138 1341 1250 1396 apud
1283 1344 1428 1396 patres
1466 1357 1537 1384 no·
1558 1355 1590 1378 20

203 1405 316 1444 stros
344 1401 609 1456 appellatum
635 1414 727 1441 esse
747 1400 998 1454 sapientem,
1024 1399 1098 1441 sed
1122 1402 1300 1454 uterque
1326 1400 1412 1442 alio
1439 1415 1538 1455 quo-

203 1461 300 1502 dam
332 1460 477 1514 modo,
515 1459 698 1512 Acilius,
736 1458 835 1512 quia
865 1458 1051 1512 prudens
1089 1472 1180 1500 esse
1210 1458 1256 1500 in
1294 1458 1385 1501 iure
1423 1459 1538 1502 civili

201 1520 449 1575 putabatur,
480 1516 601 1572 Cato,
627 1517 728 1572 quia
752 1517 986 1559 multarum
1011 1532 1154 1559 rerum
1179 1531 1303 1560 usum
1327 1517 1535 1571 habebat3

201 1579 340 1620 multa
371 1577 461 1619 eius
493 1579 536 1619 et
566 1577 610 1618 in
642 1579 792 1618 senatu
833 1579 876 1617 et
912 1576 958 1618 in
992 1575 1087 1619 foro
1124 1577 1192 1618 vel
1230 1577 1404 1632 provisa
1440 1592 1537 1632 pru-

202 1638 350 1679 denter
393 1637 461 1678 vel
499 1638 596 1678 acta
632 1637 880 1677 constanter
916 1635 985 1676 vel
1022 1649 1230 1690 responsa
1266 1638 1388 1678 acute
1430 1635 1536 1678 fere·
1555 1648 1588 1673 25

202 1698 378 1750 bantur,
426 1697 656 1751 propterea
699 1694 822 1749 quasi
865 1707 1102 1750 cognomen
1145 1694 1232 1735 iam
1269 1694 1459 1736 habebat
1494 1695 1539 1737 in

135 1763 183 1804 (7)
205 1757 423 1798 senectute
449 1753 668 1809 sapientis.
710 1752 771 1794 Te
803 1755 946 1794 autem
978 1753 1063 1795 alio
1090 1753 1274 1808 quodam
1299 1753 1426 1795 modo
1451 1768 1538 1796 non

204 1815 342 1856 solum
373 1816 529 1855 natura
560 1815 603 1854 et
635 1812 839 1866 moribus,
870 1826 1017 1853 verum
1049 1811 1180 1853 etiam
1209 1811 1350 1854 studio
1377 1815 1420 1853 et
1445 1812 1538 1855 doc-

202 1873 317 1915 trina
348 1887 440 1914 esse
473 1871 721 1927 sapientem,
751 1885 828 1912 nec
860 1871 970 1912 sicut
999 1871 1169 1926 vulgus,
1200 1870 1274 1912 sed
1304 1874 1352 1912 ut
1383 1871 1537 1913 eruditi

205 1933 345 1974 solent
377 1931 595 1986 appellare
628 1930 876 1995 sapientem,
909 1906 1115 1984 qualem⁰
1103 1944 1149 1970 1n
1173 1930 1339 1984 reliqua
1359 1929 1538 1972 Graecia
1557 1941 1589 1965 ³⁰

157 2003 174 2032 7
204 1992 416 2032 neminem
448 1988 567 2045 (nam
606 1989 677 2043 qui
710 1991 873 2043 septem
906 1988 1196 2044 appellantur,
1223 2002 1312 2042 eos,
1350 1988 1423 2043 qui
1453 1989 1537 2031 ista

205 2050 406 2091 subtilius
439 2050 661 2103 quaerunt,
692 2047 736 2089 in
760 2061 936 2089 numero
963 2047 1220 2101 sapientium
1239 2062 1326 2089 non
1344 2046 1537 2103 habent),

204 2108 388 2150 Athenis
420 2123 550 2150 unum
583 2106 833 2161 accepimus,
864 2109 908 2148 et
935 2120 1031 2147 eum
1057 2106 1226 2160 quidem
1253 2106 1384 2147 etiam
1402 2105 1536 2161 Apol-

203 2167 303 2209 linis
336 2167 507 2208 oraculo
540 2165 904 2221 sapientissimum
935 2165 1186 2218 iudicatum3
1223 2164 1334 2206 hanc
1365 2179 1457 2207 esse
1493 2166 1537 2207 in

204 2229 247 2268 te
280 2226 535 2281 sapientiam
568 2224 846 2278 existumant,
886 2225 935 2265 ut
966 2224 1109 2265 omnia
1140 2225 1216 2265 tua
1246 2223 1291 2265 in
1321 2226 1365 2265 te
1395 2223 1537 2278 posita
1556 2232 1597 2261 ³⁵

206 2299 298 2326 esse
332 2285 460 2326 ducas
491 2284 785 2337 humanosque
817 2296 939 2324 casus
970 2283 1130 2323 virtute
1156 2282 1378 2324 inferiores
1402 2285 1537 2337 putes.

204 2342 356 2399 Itaque
388 2357 438 2385 ex
469 2357 536 2385 me
569 2344 798 2397 quaerunt,
837 2341 962 2383 credo
995 2356 1044 2383 ex
1075 2341 1155 2383 hoc
1186 2341 1291 2383 item
1322 2339 1539 2393 Scaevola,

155 1090 181 1172 ⁶²10
