1663 2490
196 94 277 134 182
590 95 791 130 LAELIUS
816 95 880 130 DE
906 96 1125 131 AMICITIA

191 216 268 243 nec
294 202 523 244 observare
549 203 757 256 restricte,
784 218 835 244 ne
861 204 958 258 plus
984 204 1133 245 reddat
1154 220 1283 258 quam
1303 206 1532 260 acceperit3

191 274 326 314 neque
365 261 477 302 enim
516 262 747 302 verendum
786 264 869 315 est,
914 276 966 303 ne
1005 263 1107 316 quid
1147 264 1329 318 excidat,
1367 266 1442 305 aut
1478 279 1531 305 ne

193 319 293 373 quid
331 320 375 360 in
413 323 574 361 terram
612 320 787 374 defluat,
832 322 907 361 aut
948 335 1001 362 ne
1038 322 1136 376 plus
1175 337 1310 377 aequo
1350 322 1450 376 quid
1487 323 1532 364 in

122 387 164 419 59
191 378 425 420 amicitiam
463 381 730 433 congeratur.
793 378 963 420 Tertius
1001 394 1101 421 vero
1141 380 1213 422 ille
1256 381 1353 422 finis
1398 382 1531 422 deter-

190 451 350 491 rumus,
383 440 440 490 ut,
474 437 623 491 quanti
650 437 828 492 quisque
854 452 898 479 se
932 439 1023 492 ipse
1049 438 1192 493 faciat,
1225 441 1336 481 tanti
1368 440 1444 481 fiat
1477 441 1530 481 ab
1569 453 1585 477 5

191 495 351 537 amicis.
414 494 548 550 Saepe
588 497 700 537 enim
738 497 782 537 in
826 497 1083 550 quibusdam
1128 500 1201 539 aut
1245 499 1412 539 animus
1458 500 1531 540 ab·

190 554 340 596 iectior
385 557 450 595 est
494 557 569 595 aut
606 569 703 609 spes
743 556 1067 610 amplificandae
1106 557 1303 598 fortunae
1340 557 1531 599 fractior.

189 613 288 655 Non
327 616 392 654 est
431 613 564 669 igitur
603 614 728 656 amici
767 615 898 656 talem
937 629 1028 656 esse
1060 615 1105 656 in
1136 630 1250 670 eum,
1289 617 1426 670 qualis
1459 617 1532 657 ille

190 672 233 713 in
265 686 309 713 se
343 674 419 726 est,
453 673 524 713 sed
556 673 701 727 potius
733 673 838 714 eniti
870 676 912 714 et
945 673 1128 728 efficere,
1159 677 1208 715 ut
1240 675 1365 716 amici
1396 675 1532 717 iacen-

191 733 277 771 tem
311 731 501 772 animum
527 731 682 773 excitet
708 732 964 786 inducatque
990 734 1035 774 in
1061 747 1181 787 spem
1207 733 1530 788 cogitationem·
1554 747 1585 770 ιο

190 804 270 843 que
303 790 535 832 meliorem.
585 791 709 832 Alius
742 791 876 847 igitur
907 791 1005 832 finis
1036 806 1162 833 verae
1189 792 1402 834 amicitiae
1435 807 1530 834 con-

189 849 430 890 stituendus
470 852 552 903 est,
593 850 630 891 si
667 849 804 904 prius,
849 850 949 904 quid
989 865 1185 892 maxume
1223 851 1532 906 reprehendere

189 906 331 962 Scipio
371 908 524 950 solitus
564 909 637 957 sit,
676 909 832 950 dixero.
893 908 1096 965 Negabat
1127 910 1261 951 ullam
1293 925 1439 951 vocem
1472 911 1531 951 in-

190 966 424 1008 imiciorem
458 967 671 1009 amicitiae
703 968 896 1022 potuisse
929 969 1105 1023 reperiri
1144 983 1272 1023 quam
1312 969 1420 1022 eius,
1459 970 1531 1023 qui

190 1025 367 1067 dixisset
412 1027 473 1067 ita
517 1041 661 1069 amare
705 1030 920 1082 oportere,
970 1031 1018 1068 ut
1063 1027 1099 1068 si
1144 1027 1373 1082 aliquando
1419 1030 1531 1069 esset
1554 1039 1584 1064 15

190 1099 358 1139 osurus;
396 1100 472 1127 nec
510 1101 610 1128 vero
643 1100 688 1127 se
722 1086 872 1128 adduci
910 1101 1052 1141 posse,
1093 1089 1141 1128 ut
1178 1087 1276 1140 hoc,
1315 1102 1440 1141 quem
1479 1087 1531 1128 ad

189 1143 361 1185 modum
394 1148 631 1199 putaretur,
664 1160 688 1186 a
720 1144 874 1187 Biante
907 1159 998 1186 esse
1031 1145 1191 1187 dictum
1223 1146 1425 1199 crederet,
1459 1146 1530 1199 qui

189 1203 358 1257 sapiens
397 1203 571 1245 habitus
610 1206 723 1245 esset
761 1218 868 1245 unus
908 1219 929 1245 e
967 1207 1151 1259 septem3
1195 1204 1352 1259 impuri
1397 1205 1530 1246 cuius-

189 1261 284 1303 dam
319 1264 392 1303 aut
425 1262 643 1304 ambitiosi
675 1265 749 1304 aut
782 1263 925 1304 omnia
957 1263 1009 1304 ad
1042 1277 1163 1305 suam
1196 1263 1435 1318 potentiam
1469 1278 1529 1304 re-

188 1322 381 1362 vocantis
419 1335 511 1362 esse
550 1322 818 1363 sententiam.
882 1321 1075 1370 Quonam
1115 1322 1227 1363 enim
1260 1322 1385 1363 modo
1419 1323 1584 1376 quis-20

189 1394 315 1433 quam
349 1380 510 1422 amicus
544 1394 635 1422 esse
667 1381 828 1435 poterit
861 1381 910 1434 ei,
943 1381 1008 1422 cui
1042 1395 1086 1422 se
1115 1381 1284 1435 putabit
1310 1381 1528 1422 inimicum

188 1453 279 1480 esse
305 1439 460 1493 posse?
494 1440 596 1494 quin
630 1440 759 1481 etiam
791 1454 962 1481 necesse
995 1439 1076 1481 erit
1107 1454 1259 1494 cupere
1293 1442 1335 1481 et
1367 1443 1529 1495 optare,

187 1500 234 1539 ut
273 1513 400 1552 quam
439 1498 689 1553 saepissime
727 1501 872 1553 peccet
916 1499 1096 1553 amicus,
1142 1513 1224 1552 quo
1269 1499 1413 1553 plures
1459 1499 1529 1540 det

187 1556 268 1597 sibi
290 1559 511 1611 tamquam
533 1572 658 1599 ansas
680 1558 733 1599 ad
753 1557 1164 1612 reprehendendum3
1189 1572 1358 1598 rursum
1386 1560 1527 1599 autem

187 1618 299 1657 recte
331 1616 456 1658 factis
490 1616 807 1670 commodisque
840 1617 1074 1658 amicorum
1107 1631 1278 1658 necesse
1307 1617 1389 1658 erit
1414 1617 1527 1672 angi.
1548 1627 1581 1652 2⁵

117 1686 159 1717 60
186 1675 340 1728 dolere,
368 1675 568 1717 invidere.
620 1675 757 1725 Quare
785 1676 864 1718 hoc
884 1675 1053 1730 quidem
1081 1678 1367 1730 praeceptum,
1395 1676 1528 1717 cuius-

186 1749 365 1789 cumque
392 1738 468 1788 est,
495 1735 548 1776 ad
575 1735 811 1776 tollendam
835 1735 1070 1776 amicitiam
1096 1735 1230 1788 valet;
1256 1734 1363 1776 illud
1383 1735 1527 1789 potius

186 1793 533 1848 praecipiendum
571 1793 672 1848 fuit,
714 1797 760 1835 ut
798 1809 892 1835 eam
926 1794 1195 1849 diligentiam
1229 1793 1526 1835 adhiberemus

186 1853 229 1893 in
262 1852 461 1894 amicitiis
495 1853 806 1908 comparandis,
839 1857 886 1894 ut
918 1867 969 1894 ne
1003 1853 1171 1907 quando
1202 1867 1344 1894 amare
1371 1853 1526 1907 incipe-

186 1926 326 1952 remus
367 1926 480 1966 eum,
523 1927 648 1966 quem
682 1912 912 1966 aliquando
947 1912 1086 1954 odisse
1118 1925 1353 1966 possemus.
1416 1911 1527 1959 Quin
1545 1923 1580 1947 3⁰

186 1970 333 2024 etiam,
366 1971 401 2012 si
435 1971 575 2012 minus
606 1971 752 2013 felices
784 1972 829 2012 in
862 1971 1077 2026 diligendo
1111 1970 1361 2024 fuissemus,
1394 1969 1526 2011 feren-

185 2029 283 2070 dum
310 2029 352 2070 id
373 2028 514 2085 Scipio
544 2030 688 2085 potius
716 2045 842 2085 quam
870 2029 1190 2071 inimicitiarum
1218 2032 1386 2084 tempus
1415 2029 1526 2084 cogi-

186 2088 363 2130 tandum
395 2090 590 2144 putabat.

114 2133 166 2216 ἐξ
273 2147 351 2188 His
378 2148 512 2203 igitur
538 2148 693 2190 finibus
721 2148 925 2190 utendum
952 2148 1151 2199 arbitror,
1178 2149 1236 2200 ut,
1264 2162 1358 2188 cum
1385 2161 1525 2188 emen-

155 2207 273 2262 *dati
307 2221 444 2248 mores
479 2208 712 2249 amicorum
746 2208 843 2260 sint,
877 2210 967 2248 tum
1001 2207 1057 2248 sit
1090 2207 1200 2247 inter
1233 2220 1304 2248 eos
1336 2206 1525 2247 omnium
1545 2216 1577 2241 ³⁵

184 2280 343 2319 rerum,
382 2267 677 2321 consiliorum,
715 2267 987 2308 voluntatum
1026 2266 1116 2306 sine
1156 2265 1247 2306 ulla
1279 2265 1524 2319 exceptione

185 2325 480 2381 communitas,
506 2328 566 2380 ut,
593 2326 763 2367 etiamsi
792 2340 874 2380 qua
894 2325 1068 2367 fortuna
1089 2324 1290 2366 acciderit
1310 2327 1357 2365 ut
1385 2323 1524 2364 minus
