1663 2490
424 76 512 112 LIB,
539 78 583 112 ΙΙ.
635 76 736 113 CAP.
765 82 818 120 19,
844 81 900 113 20.
951 83 970 119 ἓ
997 81 1146 112 65—71.
1390 79 1442 118 81

108 187 237 241 volgo
279 187 527 240 loquuntur,
571 199 615 226 se
659 185 701 226 in
746 184 962 226 beneficiis
1007 183 1267 226 collocandis
1305 198 1446 226 mores

107 244 346 298 hominum,
382 258 467 286 non
506 246 723 285 fortunam
763 243 893 297 sequi.
956 242 1154 284 Honesta
1190 243 1329 283 oratio
1362 246 1444 296 est;

107 302 180 345 sed
215 302 309 357 quis
352 305 417 344 est
448 302 633 356 tandem,
667 302 737 356 qui
764 302 905 356 inopis
931 304 974 343 et
1001 302 1153 355 optimi
1180 302 1260 342 viri
1293 315 1445 342 causae

106 376 192 403 non
232 363 467 416 anteponat
504 361 547 402 in
586 375 716 415 opera
754 360 891 402 danda
929 360 1116 416 gratiam
1155 359 1364 401 fortunati
1403 361 1446 400 et

71 419 326 474 5potentis?
364 434 388 461 a
427 433 509 472 quo
548 420 659 460 enim
698 419 934 473 expeditior
971 422 1014 460 et
1045 419 1224 460 celerior
1256 432 1446 460 remune-

107 478 218 520 ratio
256 478 347 519 fore
384 478 570 532 videtur,
612 478 657 518 in
694 492 789 519 eum
827 478 916 519 sere
954 480 1020 520 est
1056 478 1256 519 voluntas
1296 481 1446 518 nostra

106 536 369 592 propensior.
420 534 501 578 Sed
521 536 944 578 animadvertendum
965 539 1031 578 est
1052 535 1313 591 diligentius,
1338 550 1445 590 quae

106 598 262 637 natura
294 609 434 636 rerum
469 595 535 636 sit.
585 594 800 636 Nimirum
834 595 946 636 enim
976 596 1101 649 inops
1127 595 1214 648 ille,
1246 594 1282 636 si
1311 594 1446 636 bonus

108 657 174 696 est
211 654 288 706 vir,
335 654 506 696 etiamsi
543 653 702 695 referre
741 654 929 709 gratiam
967 668 1052 695 non
1089 656 1252 709 potest,
1289 653 1446 694 habere

56 726 89 750 10
109 715 220 755 certe
253 715 408 767 potest.
449 711 681 754 Commode
714 716 870 765 autem,
902 713 1156 767 quicumque
1189 712 1311 766 dixit,
1345 712 1446 766 ‘pe-

108 772 305 814 cuniam
338 772 421 826 qui
454 772 658 826 habeat,
690 786 786 813 non
819 771 1125 825 reddidisse,
1164 771 1248 826 qui
1279 771 1446 812 reddi-

108 831 264 884 derit,
289 845 385 872 non
411 830 617 885 habere,
644 832 865 886 gratiam
892 833 1060 872 autem
1082 833 1147 883 et,
1175 830 1259 884 qui
1285 832 1446 871 rettu-

107 889 251 943 lerit,
293 889 481 930 habere
526 892 592 943 et,
637 889 721 943 qui
765 889 976 943 habeat,
1019 887 1317 930 rettulisse.'
1386 888 1446 930 At

109 947 182 1002 qui
214 962 258 989 se
290 947 537 1002 locupleteS‚
568 948 816 1001 honoratos,
852 948 998 989 beatos
1030 950 1198 1002 putant,
1229 948 1258 988 ii
1290 961 1343 988 ne
1376 947 1448 989 ob-

56 1018 89 1043 15
109 1006 238 1062 ligari
271 1006 440 1060 quidem
471 1007 679 1048 beneficio.
708 1007 877 1060 volunt3
910 1006 1010 1071 quin
1038 1006 1168 1047 etiam
1196 1006 1446 1047 beneficium

109 1080 153 1107 se
197 1064 361 1106 dedisse
405 1065 690 1116 arbitr-anmi,
736 1080 830 1106 cum
874 1064 957 1119 ipsi
1001 1064 1197 1119 quamvis
1242 1078 1446 1120 magnum

109 1123 283 1178 aliquod
321 1124 578 1178 acceperint,
624 1126 752 1178 atque
790 1124 921 1165 etiam
960 1138 984 1165 a
1028 1138 1072 1164 se
1117 1126 1192 1164 aut
1235 1123 1448 1178 postulari

109 1185 184 1224 aut
215 1183 454 1237 exspectari
485 1182 647 1237 aliquid
679 1183 962 1237 suspicantur,
996 1181 1235 1237 patrocinio
1268 1196 1369 1223 vero
1403 1196 1446 1223 se

108 1255 208 1283 usos
241 1243 316 1283 aut
346 1241 522 1283 clientes
562 1241 772 1296 appellari
804 1241 956 1282 mortis
988 1241 1126 1281 instar
1158 1243 1325 1295 putant.
1386 1241 1447 1282 At

54 1312 90 1338 2⁰
108 1314 208 1342 vero
240 1300 314 1341 ille
345 1300 504 1354 tenuis,
536 1315 650 1353 cum,
682 1300 882 1354 quicquid
912 1299 1076 1341 factum
1108 1300 1176 1353 sit,
1208 1314 1253 1341 se
1286 1302 1446 1354 specta-

108 1362 213 1412 tum,
244 1373 330 1400 non
353 1358 573 1400 fortunam
599 1361 734 1414 putet,
758 1373 844 1400 non
871 1359 996 1400 modo
1023 1358 1101 1412 illi,
1134 1358 1206 1413 qui
1233 1361 1300 1399 est
1326 1359 1447 1399 meri-

108 1421 197 1471 tus,
234 1417 307 1459 sed
345 1418 476 1459 etiam
512 1418 618 1472 illis,
662 1433 686 1459 a
725 1418 879 1472 quibus
918 1420 1139 1472 exspectat
1176 1415 1296 1473 (eget
1335 1417 1446 1458 enim

109 1475 295 1531 multis),
339 1479 510 1532 gratum
555 1491 599 1518 se
636 1477 771 1517 videri
809 1476 954 1518 studet
990 1490 1126 1530 neque
1165 1491 1266 1518 vero
1304 1476 1446 1517 verbis

111 1538 239 1591 auget
271 1549 395 1576 suum
426 1549 599 1590 munus,
636 1535 673 1577 si
705 1550 787 1590 quo
819 1535 931 1577 forte
963 1535 1178 1590 fungitur,
1211 1535 1284 1577 secl
1317 1535 1447 1576 etiam

24 1639 29 1654 ¹
55 1607 90 1633 25
109 1596 321 1636 extenuat.
365 1593 690 1648 Videndumque
721 1593 829 1635 illud
861 1597 937 1648 est,
970 1594 1094 1648 quod,
1127 1594 1163 1635 si
1196 1594 1447 1649 opulentum

107 1652 460 1707 fortunatumque
494 1653 742 1707 defenderis,
773 1653 818 1694 in
849 1667 933 1694 uno
953 1652 1029 1694 illo
1063 1655 1148 1705 aut,
1180 1652 1217 1693 si
1248 1653 1371 1705 forte,
1404 1653 1447 1694 in

110 1712 255 1753 liberis
288 1712 377 1753 eius
410 1714 555 1753 manet
587 1712 749 1768 gratia3
782 1711 847 1753 sin
879 1714 1023 1753 autem
1048 1711 1232 1766 inopem,
1263 1712 1446 1766 probum

108 1774 254 1812 tamen
280 1772 323 1812 et
347 1771 601 1824 modestum,
633 1785 780 1812 omnes
805 1785 893 1811 non
917 1770 1087 1825 inprobi
1114 1771 1309 1824 humiles,
1339 1785 1446 1824 quae

108 1843 265 1885 magna
296 1829 341 1870 in
371 1830 530 1884 populo
563 1829 794 1871 multitudo
822 1831 899 1883 est,
931 1829 1189 1883 praesidium
1218 1829 1300 1870 sibi
1326 1844 1446 1884 para-

55 1899 88 1926 30
108 1891 201 1930 tum
232 1888 389 1930 vident.
450 1887 587 1937 Quam
619 1888 673 1930 ob
706 1903 796 1929 rem
828 1888 981 1929 melius
1014 1888 1125 1943 apud
1154 1888 1289 1930 bonos
1317 1903 1445 1942 quam

109 1946 221 2003 apud
267 1946 512 1989 fortunatos
563 1947 813 1989 beneficium
858 1947 1059 1988 collocari
1104 1949 1220 2001 puto.
1293 1946 1447 1989 Danda

109 2005 280 2048 omm’no
313 2020 443 2061 opera
475 2009 557 2060 est,
595 2009 643 2047 ut
675 2006 790 2048 omni
823 2006 969 2061 generi
1001 2005 1106 2047 satis
1138 2005 1277 2047 facere
1310 2006 1446 2060 possi-

108 2079 221 2118 mus3
270 2065 343 2106 sed
392 2065 428 2106 si
475 2080 543 2107 res
592 2065 637 2106 in
680 2065 998 2107 contentionem
1040 2064 1200 2119 veniet,
1243 2064 1445 2106 nimirum

108 2123 417 2166 Themistocles
451 2127 516 2166 est
548 2126 697 2166 auctor
729 2123 1012 2177 adhibendus3
1054 2123 1126 2178 qui
1164 2138 1260 2165 cum
1298 2138 1445 2165 consu-

54 2192 87 2220 ³5
107 2183 285 2236 leretur
320 2185 465 2224 utrum
502 2183 615 2225 bono
653 2183 745 2224 viro
786 2182 963 2237 pauperi
1001 2197 1055 2224 an
1087 2182 1227 2224 minus
1260 2183 1443 2237 probato

108 2241 230 2282 diviti
267 2241 402 2283 filiam
439 2242 688 2284 collocaret:
733 2241 860 2297 eEgo
898 2240 1053 2296 vero',
1094 2241 1252 2307 inquit,
1291 2241 1443 2283 emalo

106 2299 286 2350 virum,
313 2300 397 2355 qui
417 2302 631 2355 pecunia
651 2302 817 2356 egeat,
839 2315 985 2354 quam
1005 2300 1287 2355 pecuniam,
1316 2314 1443 2354 quae

177 2375 248 2401 c1c.
267 2376 320 2400 1v.
339 2376 362 2401 3
1213 2373 1232 2403 6

1475 1253 1517 1284 70

1473 1901 1515 1931 '71
