1673 2505
462 67 740 104 PHILOSOPH.
766 68 805 104 F.
831 68 864 102 V
890 72 932 103 98
945 69 1038 103 —VI
1065 74 1085 103 6
1364 68 1447 109 327

110 176 223 232 quod
260 175 384 226 dieis,
427 175 518 217 fato
564 175 707 217 omnia
751 175 864 229 fieri,
908 177 1046 217 mater
1091 177 1250 228 autem,
1298 175 1452 216 mulier

110 235 297 290 sapiens,
332 247 426 276 ‘non
471 234 752 286 existimavit,
795 237 833 275 et
869 247 943 275 nos
978 246 1195 286 possumus
1236 233 1363 274 dicere
1408 234 1450 273 in

108 294 282 335 veritate.

645 493 712 531 VI.
759 492 907 530 CATO.

73 594 90 619 5
201 582 236 622 1.
263 582 415 623 Cic..de
439 583 517 624 div.
543 582 603 623 II
623 586 659 624 1.
685 586 712 623 3
737 596 795 623 ex.
822 582 1061 623 Interiectus
1085 585 1143 623 est
1172 582 1294 623 etiam
1324 595 1453 634 nuper

110 640 207 682 liber
232 641 280 692 is,
309 654 425 692 quem
450 641 506 682 ad
528 643 713 682 nostrum
737 640 922 682 Atticum
950 641 998 681 de
1021 643 1214 681 senectute
1243 640 1452 689 misimus‚·

107 700 154 740 in
177 699 416 753 primisque,
451 699 646 751 quon-iam
670 698 930 752 philosophia
959 699 1023 739 vir
1054 699 1180 739 bonus
1209 699 1387 751 efficitur
1405 696 1454 739 'et

106 757 244 809 fortis,
288 756 387 799 Cato
423 761 558 798 noster
595 758 640 798 in
676 757 822 798 horum
860 757 1057 798 librorum
1098 770 1266 797 numero
1300 769 1453 809 ponen-

108 816 184 857 dus
213 819 281 857 est.

56 886 89 911 10
198 874 235 915 2.
274 874 353 916 Cic.
394 873 461 915 Or.
500 878 563 915 10.
600 877 656 915 34
675 888 730 927 sq.
770 874 977 926 Quantum
1014 874 1120 915 illud
1154 877 1227 927 est,
1266 874 1374 926 quod
1408 874 1454 914 in

108 933 303 974 maximis
334 933 661 985 occupationibus
691 946 915 985 numquam
946 933 1181 974 intermittis
1205 933 1341 974 studia
1366 932 1453 973 doc-

110 992 259 1045 trinae,
295 1004 449 1044 semper
482 995 556 1033 aut
583 992 668 1044 ipse
697 991 839 1033 scribis
869 992 1031 1043 aliquid
1059 995 1133 1032 aut
1161 1004 1224 1032 me
1253 1004 1369 1032 vocas
1399 991 1455 1031 acl

108 1050 388 1091 scribendum!
446 1049 594 1102 Itaque
629 1049 701 1091 lioc
738 1063 831 1091 sum
873 1051 1085 1102 aclqressus
1127 1050 1265 1091 statim
1305 1048 1455 1090 Catone

109 1108 300 1162 absoluto,
326 1121 442 1160 quem
466 1109 601 1161 ipsum
626 1121 850 1160 numquam
869 1109 1091 1161 attiqissem
1112 1111 1291 1161 tempora
1311 1108 1455 1148 time-ns

57 1178 89 1203 15
112 1167 281 1208 inimica
322 1167 485 1219 virtuti,
527 1167 612 1208 nisi
655 1166 729 1207 tibi
764 1166 946 1207 'hortanti
986 1170 1024 1207 et
1065 1167 1178 1207 illius
1214 1166 1454 1207 memoriam

108 1224 213 1266 milii
243 1238 383 1266 caram
415 1225 608 1266 excitanti
637 1238 720 1266 non
743 1238 892 1277 parere
921 1225 1039 1276 nefas
1069 1237 1149 1266 esse
1179 1225 1394 1265 duxissem.

198 1283 236 1324 3.
281 1282 360 1325 Cic.
403 1283 489 1324 Att.
533 1282 639 1324 XII
669 1286 709 1324 4.
745 1286 776 1325 2
817 1283 899 1324 Sed
939 1284 986 1324 (le
1029 1282 1179 1324 Catone
1220 1280 1453 1337 πρόβλημα

110 1337 411 1396 Λρχιμήδειον
448 1344 525 1391 est;
568 1355 649 1383 non
686 1342 901 1395 adsequor,
937 1345 984 1383 ut
1019 1341 1211 1391 scribam,
1251 1342 1358 1394 quod
1394 1342 1455 1382 tui

109 1401 296 1442 convivae
319 1413 403 1441 non
426 1401 543 1441 moslo
570 1400 747 1450 libenter,
777 1401 847 1442 secl
869 1401 992 1441 etiam
1016 1413 1142 1453 aequo
1166 1401 1306 1442 animo
1332 1400 1383 1441 le
1363 1413 1455 1452 Jeie

56 1470 90 1494 20
101 1460 284 1512 possint‚·
313 1459 415 1511 quin
439 1459 574 1512 etiam,
597 1459 635 1500 si
659 1472 687 1500 a
709 1460 917 1500 sententiis
942 1460 1028 1500 eius
1052 1460 1181 1510 dictis,
1206 1460 1244 1500 si
1268 1458 1319 1500 ab
1344 1459 1455 1500 omni

108 1518 311 1559 voluntate
336 1517 602 1570 consiliisque,
633 1531 736 1570 quae
760 1518 807 1559 cle
830 1531 874 1558 re
897 1518 1066 1570 publiea
1089 1517 1242 1571 habuit,
1273 1517 1454 1558 recedam

109 1576 326 1628 ψιλῶςραε
355 1576 475 1617 velim
501 1576 745 1629 qravitatem
780 1577 1127 1628 constantiamque
1155 1576 1242 1617 eius
1273 1576 1454 1628 laudare,

108 1634 181 1676 hoc
216 1635 352 1687 ipsum
391 1637 526 1676 tamen
562 1635 654 1677 istis
690 1635 873 1676 odiosum
904 1631 1104 1688 ἄκουσμα
1135 1635 1198 1675 sit.
1260 1634 1342 1676 Sed
1369 1648 1456 1676 vere

111 1693 278 1734 laudari
307 1693 376 1734 ille
405 1693 470 1734 vir
498 1707 582 1734 non
605 1696 753 1747 potest,
791 1694 876 1735 nisi
911 1693 1007 1734 liaeo
1036 1696 1185 1734 ornata
1214 1693 1314 1743 sint,
1351 1694 1457 1745 quod

60 1762 90 1789 εἴ)
110 1752 178 1793 ille
208 1765 273 1805 ea,
310 1765 412 1804 quae
442 1765 552 1793 nunc
580 1755 693 1805 sunt,
724 1755 762 1793 et
787 1752 934 1803 futura
963 1752 1110 1794 viderit
1139 1755 1192 1805 et,
1222 1765 1273 1793 ne
1302 1752 1455 1804 flerent,

109 1811 356 1852 contenderit
385 1813 431 1860 et,
460 1810 574 1862 facta
604 1825 654 1852 ne
683 1811 841 1861 videret,
871 1811 998 1852 vitam
1028 1811 1246 1863 reliquerit.
1290 1810 1456 1851 Horum

112 1869 212 1922 quid
241 1872 316 1921 est,
347 1870 455 1922 quod
484 1869 630 1910 Aledio
653 1870 830 1922 probare
852 1869 1089 1921 possimus?

197 1928 236 1968 4.
269 1926 348 1969 Cic.
381 1927 467 1969 Att.
500 1927 606 1968 XII
631 1931 668 1968 5.
699 1930 729 1969 2
760 1927 859 1970 Cato
891 1941 954 1968 nze
982 1929 1143 1980 quidem
1173 1928 1358 1982 delectat,
1388 1928 1459 1969 secl

108 1987 231 2027 etiam
262 1985 448 2028 Bassum
479 1986 688 2027 Lucilium
719 2000 806 2028 sua.

55 2054 90 2080 30
198 2044 235 2086 5.
275 2043 354 2086 Cic.
391 2045 478 2086 Att.
517 2044 618 2086 XII
654 2048 720 2086 40.
752 2049 777 2086 1
817 2045 961 2096 Qualis
996 2046 1141 2097 sutura
1178 2046 1233 2087 sit
1268 2044 1457 2087 Caesaris

109 2104 352 2156 vituperatio
376 2107 516 2145 contra
543 2104 818 2145 laudationem
843 2117 985 2157 meam,
1005 2104 1194 2156 perspexi
1213 2117 1261 2145 ex
1279 2118 1321 2145 eo
1342 2104 1456 2156 libro,

109 2175 227 2214 quem
252 2162 423 2204 Hirtius
454 2163 510 2203 ad
539 2176 601 2203 me
630 2163 754 2215 misit,
784 2163 831 2204 in
861 2176 938 2215 quo
970 2163 1121 2216 colliqit
1149 2163 1251 2203 vitia
1277 2162 1455 2212 Catonis,

108 2221 180 2262 sed
210 2234 300 2262 cum
331 2222 528 2262 maximis
559 2221 748 2262 laudibus
778 2222 887 2262 neeis.
924 2245 972 2249 —
1016 2221 1061 2262 V.
1091 2221 1144 2262 ib.
1176 2224 1242 2262 41.
1273 2224 1314 2262 4.

200 2279 237 2320 6.
270 2278 350 2320 Οἱσ.
375 2278 460 2320 Aa.
487 2279 593 2320 XII
612 2282 679 2320 44.
705 2283 730 2320 1
755 2279 881 2321 Illius
913 2279 1073 2330 librum,
1104 2293 1220 2332 quem
1245 2278 1456 2332 (Hirtius)
