1663 2490
444 96 535 134 ΜΒ.
561 97 605 133 11.
657 96 756 133 CAP.
785 101 818 140 8,
845 101 877 132 9.
921 101 941 140 ξ
966 101 1115 133 28—33.
1401 97 1456 137 67

204 202 286 246 Sed
323 204 374 246 de
407 204 599 246 amicitia
631 205 716 247 alio
748 206 861 248 libro
893 205 1054 247 dictum
1086 207 1170 256 est,
1209 205 1282 259 qui
1312 205 1457 247 inscri-

114 263 233 305 bitur
263 262 457 317 Laelius3
486 278 599 306 nunc
631 265 820 306 dicamus
852 264 902 306 de
935 264 1086 319 gloria,
1118 278 1378 318 quamquam
1407 279 1457 306 ea

115 337 283 377 quoque
322 322 372 363 de
403 336 449 364 re
482 322 564 364 duo
597 326 698 365 sunt
733 324 874 365 nostri
909 323 1030 376 libri,
1068 323 1141 364 sed
1178 323 1457 378 attingamus,

115 381 462 436 quandoquidem
500 395 550 422 ea
587 381 632 423 in
668 382 796 424 rebus
834 382 1068 424 maioribus
1107 381 1456 423 administrandis

79 450 96 477 5
115 440 291 482 adiuvat
321 440 567 495 plurimum.
631 439 807 482 Summa
843 441 977 496 igitur
1015 443 1058 482 et
1095 440 1285 495 perfecta
1317 440 1458 496 gloria

114 501 286 541 constat
323 513 374 540 ex
410 499 550 540 tribus
589 499 674 540 his:
714 500 750 541 si
787 500 931 556 diligit
969 500 1219 554 multitudo,
1257 499 1294 541 si
1329 500 1457 541 fidem

113 557 258 612 habet,
285 558 321 599 si
340 572 437 599 cum
457 558 742 600 admiratione
762 559 946 613 quadam
965 559 1127 601 honore
1148 559 1300 615 dignos
1320 561 1458 614 putat.

113 616 233 658 Haec
265 619 426 670 autem,
467 616 504 658 si
537 620 603 658 est
635 618 889 672 simpliciter
919 618 1191 672 breviterque
1223 617 1458 668 dicendum,

115 676 271 730 quibus
302 675 430 718 rebus
462 676 691 731 pariuntur
723 692 748 718 a
776 677 971 732 singulis,
1003 677 1162 718 eisdem
1187 676 1276 718 fere
1302 692 1327 717 a
1351 677 1458 718 mul-

63 746 96 771 10
113 734 311 776 titudine.
362 733 444 776 Sed
476 738 542 776 est
574 735 683 777 alius
711 750 878 790 quoque
906 736 1079 790 quidam
1105 736 1246 777 aditus
1273 736 1326 777 ad
1351 735 1458 777 mul-

115 793 357 848 titudinem,
382 796 430 835 ut
455 794 501 835 in
525 794 823 836 universorum
849 795 1013 836 animos
1033 798 1255 849 tamquam
1280 794 1458 836 influere

114 853 343 908 possimus.
393 852 457 895 Ac
481 853 670 908 primum
702 854 752 895 de
783 853 871 895 illis
902 854 1054 908 tribus,
1087 868 1194 908 quae
1227 857 1326 895 ante
1359 853 1458 908 dixi,

114 911 432 953 benivolentiae
462 915 693 967 praecepta
722 912 961 967 videamu83
999 927 1106 967 quae
1145 912 1316 966 quidem
1347 913 1458 968 capi-

115 973 187 1012 tur
218 971 435 1013 benefieiis
466 971 669 1025 maxime,
710 971 893 1013 secundo
932 974 1075 1013 autem
1106 971 1201 1012 loco
1233 972 1458 1013 voluntate

63 1039 96 1065 1⁵
116 1030 307 1071 benefica
337 1029 630 1072 benivolentia
661 1032 874 1084 movetur,
913 1030 1084 1071 etiamsi
1120 1045 1187 1071 res
1224 1030 1338 1072 forte
1371 1045 1456 1072 non

117 1089 328 1144 suppetit3
367 1088 642 1130 vehementer
680 1091 824 1131 autem
862 1104 982 1130 amor
1019 1089 1309 1130 multitudinis
1348 1103 1458 1131 com-

115 1150 314 1190 movetur
344 1147 440 1202 ipsa
463 1147 581 1189 fama
607 1150 650 1189 et
676 1148 878 1214 opimone
903 1148 1193 1202 liberalitatis,
1224 1148 1458 1190 beneficen-

115 1207 213 1260 tiae,
244 1206 448 1260 iustitiae,
479 1206 578 1248 fidei
610 1207 886 1262 omniumque
918 1222 1064 1249 earum
1094 1207 1318 1261 virtutum,
1350 1221 1458 1261 quae

115 1265 335 1321 pertinent
378 1261 432 1307 ad
475 1266 848 1308 mansuetudinem
891 1281 1059 1308 morum
1103 1280 1151 1307 ac
1189 1265 1458 1308 facilitatem.

63 1334 97 1360 2⁰
114 1324 290 1367 Etenim
320 1324 429 1365 illud
460 1325 615 1380 ipsum,
647 1325 760 1380 quod
791 1325 1020 1367 honestum
1052 1325 1335 1379 decorumque
1361 1325 1455 1367 dici

116 1398 230 1437 mus,
273 1383 374 1438 quia
415 1399 492 1439 per
537 1398 581 1425 se
623 1384 749 1426 nobis
789 1385 933 1439 placet
976 1383 1226 1438 animosque
1267 1384 1458 1426 omnium

114 1445 272 1484 natura
303 1445 346 1484 et
377 1443 516 1498 specie
542 1458 620 1485 sua
651 1446 893 1485 commovet
917 1443 1185 1497 maximeque
1213 1443 1336 1497 quasi
1366 1457 1458 1498 per-

115 1502 230 1544 lucet
267 1516 318 1543 ex
354 1501 426 1555 iis,
470 1516 575 1557 quas
613 1502 964 1556 commemoravi,
1006 1502 1258 1556 virtutibus,
1300 1502 1457 1544 idcirco

115 1561 230 1614 illos,
259 1560 305 1602 in
336 1561 491 1615 quibus
524 1575 595 1603 eas
620 1561 802 1603 virtutes
829 1575 922 1603 esse
946 1575 1102 1612 remur,
1134 1576 1160 1602 a
1182 1564 1339 1603 natura
1363 1561 1458 1616 ipsa

64 1629 98 1655 ²5
117 1619 300 1686 diligere
326 1620 530 1676 cogimur.
580 1619 725 1674 Atque
755 1620 836 1662 hae
868 1620 1038 1674 quidem
1071 1634 1223 1662 causae
1252 1620 1459 1676 diligendi

117 1678 417 1735 gravissimae3
454 1682 637 1734 possunt
674 1679 786 1721 enim
817 1682 1041 1734 praeterea
1070 1693 1157 1720 non
1186 1679 1333 1720 nullae
1365 1693 1458 1721 esse

116 1737 310 1779 leviores.
360 1737 486 1779 Fides
512 1741 656 1779 autem
680 1741 730 1779 ut
754 1739 978 1791 habeatur,
1003 1737 1167 1779 duabus
1193 1738 1321 1780 rebus
1348 1738 1458 1780 effici

116 1799 274 1852 potest,
300 1796 337 1837 si
357 1797 700 1838 existimabimur
720 1797 864 1852 adepti
884 1771 1154 1839 coniunctam
1175 1812 1271 1839 cum
1292 1797 1460 1839 iustitia

116 1856 400 1910 prudentiam.
461 1855 575 1897 Nam
613 1859 656 1898 et
693 1856 745 1898 iis
783 1856 911 1897 fidem
947 1855 1173 1910 habemus,
1215 1870 1321 1911 quos
1359 1856 1458 1911 plus

64 1924 99 1951 ³0
116 1915 368 1981 intellegere
406 1930 536 1970 quam
571 1930 650 1957 nos
689 1915 950 1957 arbitramur
994 1929 1184 1981 quosque
1229 1917 1272 1956 et
1312 1914 1460 1957 futura

115 1974 360 2029 prospicere
393 1974 603 2016 credimus
639 1977 693 2028 et,
725 1989 821 2016 cum
852 1989 920 2015 res
953 1976 1109 2029 agatur
1139 1973 1185 2015 in
1215 1973 1458 2016 discrimen-

118 2047 198 2087 que
223 2035 401 2074 ventum
427 2033 496 2083 sit,
528 2034 726 2089 expedire
751 2048 841 2074 rem
868 2036 911 2074 et
937 2033 1162 2074 consilium
1189 2047 1239 2074 ex
1263 2035 1457 2087 tempore

117 2106 267 2147 capere
304 2106 449 2147 posse3
488 2067 600 2134 banc
638 2092 750 2134 enim
786 2092 938 2133 utilem
975 2092 1170 2133 homines
1209 2092 1458 2133 existimant

117 2164 347 2206 veramque
370 2151 656 2207 prudentiam.
704 2150 836 2193 Iustis
863 2154 1006 2193 autem
1039 2152 1101 2204 [et
1130 2150 1244 2204 fidis]
1276 2151 1458 2193 homini-

0 2246 6 2260 ,
66 2218 100 2246 ³5
117 2209 210 2263 bus,
241 2210 284 2251 id
316 2213 382 2251 est
412 2211 537 2252 bonis
568 2210 687 2264 viris,
717 2210 780 2252 ita
813 2210 917 2252 fides
950 2210 1145 2264 habetur,
1175 2212 1225 2251 ut
1254 2210 1375 2252 nulla
1401 2210 1457 2251 sit

117 2267 163 2309 in
191 2268 245 2310 iis
275 2268 439 2310 fraudis
464 2269 729 2324 iniuriaeque
755 2269 952 2324 suspicio.
1001 2268 1153 2323 Itaque
1178 2269 1246 2310 his
1273 2269 1456 2310 salutem

117 2329 323 2382 nostram,
354 2327 422 2370 his
452 2328 662 2384 fortunas,
692 2328 760 2370 his
792 2329 952 2371 liberos
980 2328 1218 2370 rectissime
1245 2327 1457 2370 committi

1199 2396 1246 2432 5*

1482 207 1509 248 9

1483 864 1527 895 32

1484 1749 1527 1780 33
