1673 2505
252 87 338 128 320
766 86 1065 121 FRAGMENTA

342 196 408 236 60.
440 194 546 237 Non.
571 209 613 247 p.
645 197 738 236 170.
768 197 826 236 28
857 194 918 235 Μ
953 194 1114 236 Tullius
1145 195 1189 235 m
1220 194 1460 237 Hortensio:
1498 195 1585 237 Ita-

250 269 333 308 que
371 254 452 295 tibi
490 252 690 306 concedo,
734 253 846 306 quod
888 253 933 292 in
969 265 1035 293 ΧΠ
1080 252 1251 307 scriptis
1291 254 1493 307 solemus,
1537 257 1585 295 ut

250 313 462 354 calculum
495 312 688 364 reducas,
721 311 757 351 si
789 313 831 351 te
864 311 1042 352 alicuius
1075 311 1164 352 dati
1196 312 1396 365 paenitet.

340 372 408 413 61.
435 371 540 412 Non.
566 384 609 422 p.
634 373 724 411 118.
751 371 809 411 24
833 370 895 410 Μ
918 370 1078 411 Tullius
1104 371 1147 410 in
1171 370 1412 412 Hortensio:
1444 370 1585 419 Quare

254 430 501 485 adgredere,
535 443 710 482 quaeso,
743 431 785 468 et
817 428 1059 483 gratificare
1090 428 1151 468 rei
1183 429 1391 482 publicae.
1623 441 1639 466 5

342 489 407 529 62.
441 488 549 528 Non.
572 501 615 539 p.
647 490 742 527 407.
773 490 800 528 3
831 487 893 528 M
928 487 1089 527 Tullius
1119 488 1165 527 in
1196 487 1436 529 Hortensio:
1477 488 1586 529 nihil

254 550 397 588 tamen
430 561 540 598 esse,
570 546 614 586 in
647 559 730 599 quo
764 559 807 586 se
840 545 1005 586 animus
1039 545 1248 586 excellens
1280 546 1444 588 tollere.

342 606 407 646 63.
440 605 549 646 Non.
572 618 615 657 p.
640 607 735 646 253.
761 606 819 645 24
845 604 907 644 Μ
936 604 1097 645 Tullius
1126 604 1172 645 m
1203 604 1448 647 Hortensio:
1481 604 1587 660 Cap-

253 668 345 705 tum
384 678 450 704 me
487 663 687 716 fortasse,
724 662 882 716 inquit,
918 665 1044 717 putas
1083 664 1126 703 et
1162 662 1222 716 id,
1267 663 1378 717 quod
1414 664 1587 718 nollem,

253 722 447 764 confiteri
480 724 686 763 coactum.
1610 734 1641 758 10

342 782 408 822 64.
441 781 548 822 Non.
572 795 616 833 p.
647 784 740 822 399.
772 782 830 821 24
860 780 925 821 M.
958 780 1119 821 Tullius
1149 780 1195 821 in
1225 780 1465 822 Hortensio:
1508 780 1588 834 An,

252 855 349 881 cum
381 839 523 880 videat
556 854 622 880 me
654 842 697 880 et
723 853 839 879 meos
865 838 1055 892 comiteS,
1085 838 1393 889 fortitudinem,
1426 840 1588 894 magni-

253 899 444 939 tudinem
477 898 625 951 animi,
662 897 934 952 patientiam,
971 897 1277 952 constantiam,
1317 898 1588 953 gravitatem,

254 958 398 1009 fidem,
429 957 524 1011 ipsa
555 971 599 998 se
632 957 869 997 subducat?

342 1017 409 1058 65.
436 1016 641 1057 Priscian.
668 1015 734 1056 VI
753 1017 818 1056 12.
845 1018 898 1056 66
924 1029 964 1067 p.
989 1017 1083 1056 250.
1108 1017 1164 1056 12
1188 1015 1246 1056 H.
1271 1015 1356 1056 Hie
1381 1014 1588 1068 ‘sanyuis’,
1609 1025 1642 1051 15

253 1076 375 1116 huius
408 1073 674 1128 ‘sawauinisss
713 1075 821 1127 quod
854 1077 996 1115 veteres
1032 1074 1102 1115 hoc
1134 1073 1354 1127 ‘sanyuen’
1388 1074 1587 1115 dixerunt.

255 1134 389 1176 Cicero
424 1135 466 1174 m
498 1133 739 1174 Hortensio:
770 1135 819 1173 ut
851 1133 912 1173 ait
943 1132 1124 1173 Ennius:

313 1192 499 1247 refugiat
531 1190 682 1233 timido
716 1205 907 1245 sanguen
940 1192 1066 1244 atque
1099 1191 1340 1232 exalbescat
1373 1193 1500 1232 metu.

344 1252 410 1292 66,
449 1251 556 1292 Non.
582 1265 624 1303 p.
655 1254 750 1291 371.
783 1253 842 1291 22
877 1250 939 1292 Μ.
980 1250 1141 1291 Tullius
1172 1275 1226 1278 —
1266 1251 1310 1290 in
1348 1250 1588 1291 Hortenszo:

254 1309 405 1364 Itaque
431 1324 506 1351 nec
532 1309 575 1349 in
602 1308 876 1363 philosophia
902 1309 1098 1362 cuiquam
1124 1309 1253 1349 cessit
1282 1311 1324 1349 et
1349 1308 1463 1349 vitae
1496 1323 1589 1362 gra·
1609 1319 1642 1344 20

255 1370 389 1410 vitate
422 1368 651 1422 praestitit.

344 1428 411 1468 67.
450 1428 557 1469 Non.
592 1441 637 1479 p.
673 1430 755 1468 201
775 1440 830 1478 sq.
866 1426 928 1466 M
969 1426 1130 1467 Tullius
1168 1450 1221 1454 —
1266 1427 1311 1466 in
1348 1426 1589 1468 Hortensio:

256 1486 507 1541 magnitudo
540 1485 683 1539 animi,
713 1484 924 1539 patientia
955 1485 1164 1538 laborum,
1196 1484 1348 1526 mortis
1379 1485 1590 1526 dolorum-

256 1560 336 1599 que
369 1545 643 1599 contemptio.

344 1605 410 1645 68.
442 1604 550 1645 Non.
578 1617 619 1656 p.
648 1606 746 1645 288.
772 1606 799 1644 8
830 1603 892 1644 Μ
921 1602 1081 1643 Tullius
1115 1626 1164 1631 —-
1201 1603 1245 1643 in
1270 1602 1511 1644 Hortensio:
1543 1606 1591 1643 ut
1610 1614 1640 1639 25
1671 1639 1673 1650 Α

257 1678 306 1703 ea
338 1662 420 1703 sibi
451 1662 562 1703 ratio
595 1677 695 1703 vera
730 1661 950 1714 restituat,
989 1675 1097 1714 quae
1135 1661 1396 1702 consuetudo
1434 1662 1591 1703 vitiosa
1671 1656 1673 1663 ¹

256 1722 511 1762 detraxerat.

345 1781 410 1821 69.
445 1780 552 1821 Non.
578 1794 621 1832 p.
652 1782 749 1821 288.
774 1782 835 1821 22
859 1779 920 1820 M.
950 1779 1111 1820 Tullius
1141 1779 1186 1819 in
1211 1778 1453 1820 Hortensio:
1487 1778 1591 1821 Con-

257 1839 469 1880 solabitur
494 1853 588 1879 eam
615 1838 866 1893 magnitudo
893 1837 1024 1879 animi
1051 1840 1093 1878 et
1118 1837 1403 1878 humanarum
1431 1838 1591 1893 opinio-

255 1913 356 1939 num
390 1898 480 1938 alta
512 1898 719 1951 quaedam
753 1897 979 1951 despectio.
1611 1908 1639 1933 3(
1670 1931 1673 1955 ε

347 1957 412 1998 70.
439 1956 546 1998 Non.
565 1971 607 2009 p.
633 1959 730 1998 289.
756 1959 808 1997 19
834 1956 896 1997 Μ
925 1956 1085 1997 Tullius
1108 1956 1154 1996 in
1178 1955 1420 1997 Hortensio:
1446 1955 1591 1997 Habet

257 2015 368 2056 enim
388 2015 483 2069 ipsa
502 2015 710 2056 incertam
738 2017 780 2055 et
804 2014 1068 2055 indefinitam
1093 2014 1208 2055 viam
1234 2016 1276 2055 et
1297 2029 1346 2055 ex
1374 2029 1422 2055 ea
1442 2015 1590 2056 multis

256 2074 372 2114 vitiis
407 2077 449 2115 et
481 2074 696 2115 erroribus
729 2074 961 2128 depravata
993 2073 1224 2114 deducitur.

347 2134 412 2173 71.
463 2134 570 2174 Non.
608 2147 650 2185 p.
694 2136 787 2174 419.
837 2136 892 2174 17
940 2132 1002 2174 M.
1053 2132 1213 2173 Tullius
1262 2133 1307 2173 iu
1351 2132 1592 2174 Hortensio:

255 2191 418 2232 Deinde
450 2192 656 2246 imitator,
687 2194 735 2232 ut
768 2191 850 2232 sibi
883 2191 1051 2245 quidem
1078 2190 1257 2244 videtur,
1288 2193 1467 2232 naturae
1499 2206 1591 2233 mos
1612 2203 1638 2228 35
1669 2223 1673 2248 Ι

255 2250 457 2291 vindicat.

347 2309 411 2349 72.
444 2309 550 2350 Non.
575 2324 619 2362 p.
650 2313 732 2351 300
745 2323 801 2363 sq.
833 2310 895 2351 M
926 2309 1087 2351 Tullius
1118 2310 1162 2350 ‘in
1187 2309 1428 2351 Hortensio:
1458 2309 1593 2350 Imbe-
