1673 2505
225 116 251 155 3
258 115 311 154 lO
740 115 1037 150 FRAGMENTA

225 222 374 275 inquit,
411 223 496 275 ipse
532 223 720 271 instituo;
759 224 920 276 etenim,
955 224 1027 275 qui
1062 237 1124 263 me
1160 223 1317 264 absente
1351 224 1397 265 in
1427 237 1560 265 meum

226 281 356 322 locum
391 281 648 322 substituitur
684 284 720 321 et
754 282 931 323 vicarius
968 295 1076 322 meae
1111 282 1340 334 diligentiae
1378 283 1560 337 succedit,

226 340 262 379 is
293 353 357 389 ea,
389 353 490 392 quae
521 353 606 392 eqo,
637 340 737 380 scire
767 340 883 381 debet.

318 399 382 438 12.
414 398 522 438 Non.
549 411 592 450 p.
624 400 709 438 449
739 412 797 439 ex.
823 398 953 449 (Xen.
979 402 1042 439 16.
1067 398 1142 451 14)
1167 399 1229 439 M.
1253 399 1413 440 Tullius
1446 398 1560 440 Oeco-

225 457 403 497 nomico:
435 455 567 496 Nullo
599 456 725 497 modo
750 455 919 498 facilius
946 456 1133 497 arbitror
1158 471 1283 510 posse
1307 471 1442 511 neque
1467 456 1560 498 her·
1596 468 1611 495 5

226 514 304 555 bas
331 529 520 555 arescere
547 516 589 555 et
611 514 792 556 interfici
816 530 951 569 neque
976 518 1137 556 terram
1165 515 1217 556 ab
1239 515 1328 556 sole
1347 516 1560 570 percoqui.

319 573 382 613 13.
409 572 519 614 Plin.
550 577 633 614 nat.
663 573 753 614 liist.
778 573 953 615 XVIII
971 577 1059 616 224
1085 573 1214 626 (Xen.
1239 577 1305 615 1‘7.
1329 574 1378 627 2)
1403 573 1561 615 Semen-

227 631 332 672 tibus
363 635 543 684 tempora
569 632 748 684 plerique
774 636 1043 685 praesumunt
1071 636 1108 673 et
1136 633 1187 673 ab
1212 632 1288 673 XI
1308 633 1372 674 die
1401 636 1561 674 autum·

226 689 336 731 nalis
377 692 619 743 aequinoctii
658 693 796 744 fruges
836 693 916 733 scri
957 692 1093 732 iubent
1134 705 1161 731 a
1201 690 1380 733 Coronae
1421 695 1562 733 eoeortu

226 750 429 790 continuis
450 749 588 791 diebus
606 753 708 791 certo
725 763 853 802 prope
876 750 1069 791 imbrium
1085 751 1300 803 promisso,
1325 749 1559 802 Xenophon,
1582 763 1614 786 10

226 821 310 848 non
340 811 435 849 ante
464 822 588 860 quam
618 809 714 850 deus
743 809 906 861 siynum
936 809 1097 850 dederit.
1142 807 1235 850 Hoc
1267 808 1401 850 Cicero
1431 813 1563 850 noster

227 866 352 907 imbre
381 867 473 919 fieri
496 867 781 919 interpretatus
806 871 871 918 est,
902 881 992 909 cum
1016 868 1070 909 sit
1093 881 1187 909 vera
1211 868 1316 908 ratio
1341 881 1423 908 non
1441 868 1563 920 prius

227 925 401 975 serendi,
433 939 557 978 quam
585 926 691 977 folia
720 927 919 978 coeperint
947 927 1132 967 decidere.

319 984 384 1024 14.
417 984 634 1026 Charisius
664 984 696 1025 I
713 998 758 1038 p.
789 988 870 1026 106
881 998 937 1037 sq.
968 985 1076 1026 Keil.
1137 984 1268 1038 (Xen.
1299 987 1364 1025 17.
1395 988 1470 1033 14,·
1513 984 1562 1036 cf.

228 1045 265 1083 7.
297 1042 372 1095 33)
404 1042 609 1084 ‘Alvaria'
641 1046 781 1084 neutro
813 1057 954 1096 yenere
982 1043 1204 1096 pluraliter
1234 1046 1393 1084 tantum
1423 1043 1561 1084 dicun-
1583 1055 1615 1080 15

227 1103 294 1141 tur
329 1125 392 1151 -,
424 1103 609 1154 quamvis
640 1102 775 1143 Cicero
807 1103 853 1143 in
880 1102 1132 1144 Oeconomico
1163 1102 1425 1155 sinyulariter
1455 1103 1562 1143 (lixe-

225 1160 304 1200 rit:
336 1159 452 1215 Apes
483 1160 528 1200 in
561 1160 771 1202 alverium
803 1163 1110 1202 concesserant.

318 1218 383 1261 15.
416 1218 600 1260 Gramm.
632 1220 678 1260 de
707 1219 842 1261 dubiis
870 1233 977 1261 nom.
1011 1220 1055 1260 T.
1089 1220 1129 1261 V
1146 1234 1189 1271 p.
1221 1222 1315 1260 576.
1345 1222 1401 1261 12
1431 1219 1562 1270 (Xen.

226 1280 292 1318 18.
322 1277 371 1330 2)
403 1276 624 1319 ‘Culmum'
652 1279 808 1330 yeneris
844 1279 993 1329 neutri,
1030 1282 1076 1319 ut
1107 1278 1241 1332 Nepos
1270 1278 1366 1319 vult.
1429 1276 1562 1319 Cicero

226 1339 382 1377 autem:
414 1335 511 1377 Erit
541 1336 684 1377 brevis
717 1337 893 1378 culmus.
1582 1348 1616 1372 ‘20

319 1395 383 1436 16.
409 1394 518 1436 Serv.
545 1396 601 1436 ad
631 1395 743 1448 Verss.
771 1396 911 1449 Geory.
931 1395 991 1436 II
1003 1398 1091 1437 288
1115 1395 1245 1447 (Xen.
1271 1399 1336 1436 19.
1361 1395 1407 1447 3)
1435 1394 1563 1435 ‘Scro-

226 1452 304 1494 bes’
342 1454 560 1495 masculini
595 1457 691 1495 sunt
721 1455 900 1506 yeneris,·
939 1467 1038 1495 nam
1073 1457 1110 1495 et
1141 1453 1275 1495 Cicero
1311 1454 1357 1494 in
1397 1452 1563 1494 Oecono-

227 1513 343 1553 micis
373 1514 431 1554 sic
461 1513 560 1553 dicit
593 1537 656 1553 -—.

317 1571 382 1612 17.
415 1570 517 1613 Gell.
548 1570 643 1612 XV
665 1573 702 1613 5.
733 1575 761 1613 8
790 1574 827 1612 et
851 1571 957 1613 Non.
981 1586 1025 1624 p.
1051 1575 1130 1613 161
1162 1572 1217 1612 in.
1243 1570 1373 1624 (Xen.
1399 1573 1465 1612 19.
1490 1570 1563 1624 19)

228 1629 362 1671 Cicero
399 1630 446 1671 in
484 1628 760 1671 Oeconomico:
805 1628 912 1671 Cum
949 1645 1049 1671 vero
1092 1629 1258 1671 adfecta
1299 1629 1386 1670 iam
1429 1643 1561 1683 prope
1583 1639 1615 1664 25

227 1690 392 1729 aestate
424 1703 529 1729 uvas
563 1704 588 1730 a
620 1689 709 1730 sole
742 1689 963 1730 mitescere
995 1691 1164 1743 tempus
1197 1691 1272 1729 est.

317 1748 382 1789 18.
420 1747 601 1789 Macrob.
638 1747 724 1789 Sat.
762 1748 851 1788 III
881 1750 950 1789 20.
980 1751 1008 1788 4
1042 1748 1122 1801 (ΙΙ
1146 1748 1218 1801 16)
1255 1747 1384 1801 (Xen.
1416 1750 1484 1788 20.
1516 1747 1563 1800 4)

227 1804 362 1848 Cicero
384 1805 672 1847 Occonomicon
691 1806 792 1847 libro
811 1807 948 1848 tertio:
972 1806 1121 1861 Neque
1141 1806 1246 1847 serii]
1265 1807 1396 1847 vitem
1414 1820 1563 1859 neque,

227 1879 334 1917 quae
373 1866 468 1905 saba
506 1867 591 1919 esb,
630 1865 858 1919 diligenter
896 1865 1018 1918 colit,
1064 1865 1225 1919 oleum,
1268 1864 1392 1918 ficos,
1435 1879 1561 1918 poma

224 1937 310 1964 non
342 1923 484 1966 habet.
1581 1933 1616 1958 30

668 2068 721 2107 II.
765 2067 1123 2106 PROTAGORAS.

316 2158 350 2199 1.
393 2158 560 2210 Quintil.
593 2158 640 2200 X
667 2160 704 2200 5.
734 2162 765 2201 2
802 2158 936 2201 Cicero
967 2182 1024 2187 —
1063 2158 1184 2199 libros
1220 2156 1410 2199 Platonis
1446 2159 1564 2209 atque

223 2215 501 2270 Xenophontis
531 2218 657 2258 edidit
684 2217 756 2259 lioc
781 2230 922 2271 yenere
953 2217 1181 2258 translatos.

311 2276 350 2318 2.
381 2275 510 2326 Prisc.
550 2276 617 2317 VI
641 2280 704 2318 11.
733 2279 788 2318 63
811 2290 853 2328 p.
879 2278 979 2318 247.
1004 2278 1060 2317 21
1090 2275 1149 2316 Η.
1180 2274 1310 2328 (Plat.
1342 2274 1454 2316 Prot.
1485 2274 1562 2327 in.)

223 2333 360 2376 Cicero
390 2335 435 2376 in
466 2334 716 2388 Protayora:
756 2333 865 2382 Quid
895 2334 972 2376 tu‘?
1014 2333 1124 2375 unde
1161 2333 1334 2374 tandem
1367 2346 1560 2387 appares,
1580 2341 1613 2368 35
